3559 5400
488 309 795 388 HlRUNDINES
846 353 898 370 -
949 302 1126 384 lNlllGO
1431 307 1501 384 161

155 486 187 540 iu
214 486 296 540 derso
310 483 408 537 colore
424 481 542 535 minure
567 479 708 546 clivaeec,
734 480 883 547 [interdum
907 480 975 533 laete
993 477 1069 532 fusce
1096 487 1124 530 ct
1142 474 1388 542 rubro-maculato]
1412 474 1502 531 t‘aseiii

107 570 113 580 ·
154 554 244 627 magis
263 551 438 624 interruptis,
453 560 484 605 et
499 552 594 603 subtus
609 548 833 604 subimmaculato
851 566 978 621 corpore.
1014 547 1111 602 Molles
1129 555 1193 599 sunt
1210 561 1327 610 vermes,
1345 544 1454 611 lubrici,
1473 546 1503 600 in

155 641 231 694 aqua
250 639 337 695 pura,
363 620 473 675 minime
490 621 559 673 sales
574 620 714 672 calcareos
730 618 893 673 continente
909 627 988 672 caute
1007 614 1161 671 asservandi
1181 622 1245 667 suut
1263 622 1289 665 et
1306 630 1378 684 aqua
1396 616 1504 686 saepius

154 694 316 747 nuorsnda
334 701 387 759 est3
403 687 706 767 velasservariqueqae
724 698 839 759 possunt
856 688 885 740 in
905 687 1005 766 argilla
1022 696 1070 740 aut
1087 683 1168 739 turia.
1180 700 1250 754 aquu
1269 684 1432 749 humectata,
1443 687 1504 739 lcco
1537 694 1544 736 '.

152 763 299 818 umbroso.
338 765 419 813 Usus:
440 758 480 812 id
497 774 655 828 sauguinem
673 756 823 827 sugendum
840 755 896 811 cuti
915 756 1096 827 applicantur.
1119 797 1146 809 ψ
1174 772 1223 814 sins
1242 773 1505 826 sapientissisimus

152 836 268 879 morbidos
281 835 318 877 rel
330 834 402 875 colore
414 840 514 875 exnmeo
526 839 547 870 et
562 841 650 884 corpore
663 828 750 881 nodoso,
765 838 802 871 sut
815 830 916 883 sanguine
928 829 1026 882 repletae,
1039 842 1093 883 quoe
1110 828 1242 883 rejiciendae.
1263 852 1290 860 -
1320 828 1376 870 cive
1389 830 1504 871 molimdis

152 906 207 935 cuin
222 889 373 933 Hirudiue
387 888 504 931 Gulone
518 886 622 927 Bumtu
646 882 740 937 (Himd.
755 885 858 945 Sauovm
877 897 909 926 cn
921 884 969 937 In),
993 886 1135 930 tlitrertuet.
1158 882 1270 930 instrasti
1286 898 1339 939 quae
1357 885 1451 937 dicitnr,
1473 888 1503 928 eii

83 980 86 983 -
151 949 274 997 insitii-i,
284 947 323 988 sed
337 946 468 1000 discrepante
482 945 552 985 colore
566 944 589 983 in
603 942 666 982 dorso
680 942 805 996 plerumque
827 943 869 984 riri
885 943 1054 995 cameto-nigro,
1074 952 1094 983 et
1108 943 1176 984 tiistts
1190 940 1380 994 longitudinolibus
1393 943 1455 983 luteis
1469 956 1504 984 ra-

152 1014 225 1055 rente‚
240 1016 331 1057 quorum
354 1002 401 1042 loco
415 1002 491 1055 passim
504 1001 528 1041 in
541 999 605 1039 dorso
618 998 701 1051 punctis
711 998 862 1051 irregularibus
881 998 975 1053 praedius
988 1007 1036 1049 est,
1056 1007 1078 1040 et
1092 999 1153 1040 lineis
1173 998 1323 1049 marginalibus
1342 998 1421 1051 pallide
1433 999 1504 1050 luteis,

152 1062 233 1103 subtus
246 1060 316 1100 autore
329 1057 527 1106 vindi-iniuste,
542 1056 666 1109 picemque
678 1055 824 1105 immaculati,
839 1056 906 1099 oeulis
920 1055 1002 1097 taedius
1015 1055 1134 1111 conspicuis
1148 1063 1170 1097 et
1186 1051 1315 1094 mandibulis
1329 1053 1427 1096 dentibus
1440 1057 1506 1097 obtu-

152 1118 183 1161 sis
198 1116 309 1171 prseditis.
337 1115 393 1155 Hine
406 1121 475 1155 cutem
489 1123 595 1167 persecare
609 1119 630 1151 et
643 1110 764 1163 unguinum
783 1124 894 1153 exsuccare
907 1112 987 1165 nequit.

212 1170 409 1214 menemus.
437 1169 574 1215 &dimutbttt
614 1161 765 1209 Hir-oudciles.
788 1189 814 1199 -
845 1164 953 1209 Hirtusdo
967 1165 1054 1209 rimiae
1067 1166 1093 1208 Ι..
1115 1174 1136 1207 et
1150 1162 1256 1207 Ebriudo
1270 1161 1393 1208 domesticu
1406 1166 1440 1219 L,
1454 1179 1503 1211 iret
1591 1186 1594 1193 ¹

154 1230 289 1278 notissimae,
303 1240 328 1268 ei
343 1226 389 1267 ord.
402 1226 514 1277 oscinum,
527 1226 579 1266 lam.
591 1224 711 1264 Hiintiuui.
737 1244 764 1254 -
794 1223 853 1265 Olim
867 1225 1027 1266 exsiccabuntur
1040 1230 1062 1265 et
1075 1223 1264 1270 comburebantur,
1284 1233 1348 1275 perro
1362 1234 1433 1264 earnm
1447 1223 1503 1264 San-

154 1287 205 1339 guis
219 1294 241 1327 et
252 1283 308 1326 N'idi
321 1282 472 1326 adhibebuntur
497 1305 525 1314 -
551 1280 661 1322 Pristim
674 1279 700 1320 ad
713 1279 828 1333 mdiu
841 1278 926 1335 Aquini
946 1278 1092 1323 Himndiiium
1105 1287 1128 1321 et
1140 1281 1187 1321 siue
1204 1286 1225 1319 et
1239 1291 1287 1320 cuni
1302 1278 1401 1322 Castum
1414 1290 1505 1334 uscipi-

155 1344 247 1384 m'
479 1410 786 1500 HORDEUM
845 1413 992 1528 caspe.
1057 1418 1181 1528 erge.
1237 1518 1241 1531 .

133 1592 138 1601 -
229 1563 342 1631 synon.-
359 1557 458 1612 Semeu
476 1554 591 1610 Hordei.

257 1650 410 1727 Hordei
455 1648 699 1749 vidgerieL.
736 1647 923 1723 Hordei
960 1647 1263 1740 distichiis,
1318 1647 1504 1723 Hordei
1601 1728 1603 1732 Α

151 1750 456 1828 hexastichi
474 1750 543 1841 L.‚
574 1748 808 1847 aliarumque
826 1747 1014 1821 Hordei
1032 1747 1242 1862 specierum
1260 1748 1332 1844 (Fl.
1359 1748 1450 1820 Bcil.
1470 1748 1500 1820 l.

89 1926 91 1928 .
154 1853 361 1929 279-282
385 1894 436 1905 —
461 1847 516 1921 cl.
533 1874 572 1922 v,
588 1848 771 1945 Aniylum
791 1875 829 1948 p.
845 1847 902 1944 6.)
931 1846 1135 1921 cerealium
1157 1873 1361 1920 enituerunt
1380 1845 1504 1920 iiius-

151 1954 356 2041 simarum,
382 1951 553 2022 Fructus.
578 1990 631 2003 -
681 1947 884 2046 Caryopsis
907 1948 1128 2046 plerumque
1151 1948 1337 2038 tunicata,
1362 1947 1500 2039 credie,

151 2052 334 2151 utrinque
358 2062 568 2141 attenuata,
602 2046 707 2121 sirloc
737 2046 1003 2146 longitudinali
1018 2060 1164 2153 ii'ptata,
1191 2048 1317 2145 giunta
1335 2047 1504 2143 calyciiiu

153 2148 355 2240 &urim-ie,
407 2148 512 2248 cpice
553 2145 667 2220 arista
703 2146 946 2245 longissima,
998 2147 1124 2238 flium,
1171 2170 1304 2248 aspera
1347 2163 1501 2238 amunte,

97 2342 100 2345 Ι
152 2266 252 2325 tectu
263 2308 276 2343 ,
300 2249 431 2322 colore
456 2248 675 2345 plerumque
693 2245 844 2319 sordide
862 2246 1075 2319 ssavicante.
1104 2245 1251 2339 (Plures
1276 2260 1398 2318 autem
1416 2260 1503 2317 suut

151 2351 386 2442 varietates.)
431 2346 689 2419 Hordeum
729 2345 956 2438 crudum,
992 2348 1067 2441 ruite
1094 2345 1229 2443 (desiit,
1264 2344 1370 2445 Orge
1402 2372 1501 2436 erice,

152 2450 379 2524 nominetur.
432 2445 581 2517 Tunica
607 2471 678 2558 per
703 2444 956 2517 molendinum
979 2460 1115 2536 exuta,
1152 2444 1308 2546 granula
1335 2444 1503 2518 formeiis

152 2549 344 2649 oblonga,
372 2546 435 2616 vel
459 2545 547 2643 plus
564 2571 688 2618 minus
706 2544 863 2641 globosa
873 2598 884 2634 ,
914 2544 998 2617 alliu
1015 2560 1052 2617 et
1065 2543 1327 2634 flavescentia,
1355 2542 1503 2617 sumno-

152 2673 211 2741 sa,
240 2663 277 2722 ct
306 2643 551 2721 Hordeum
576 2643 874 2734 mundatum,
892 2655 1124 2741 perlatum,
1151 2651 1308 2718 Semen
1334 2653 1504 2720 hordei

153 2755 376 2835 insinuati,
400 2742 550 2839 qeidiitte
565 2740 703 2839 bristi,
740 2746 870 2913 quittte
893 2736 1026 2835 dietis,
1053 2739 1347 2835 ileilmqiciiciu,
1395 2740 1505 2835 -Orge

154 2841 297 2912 monde
315 2844 476 2940 (pei-lde)
493 2841 610 2917 cudit.
660 2841 742 2914 Ine(
758 2866 823 2916 ora
840 2854 951 2914 estet
968 2838 1046 2910 sere
1061 2836 1244 2937 insipida.
1274 2882 1325 2893 —
1386 2842 1500 2912 Part.

40 2939 45 2950 ’
153 2950 282 3014 consi.
298 2969 459 3039 praem:
484 2943 682 3039 Amyluni,
711 2939 963 3031 saccharum,
991 2937 1144 3012 Gummi
1169 2953 1211 3011 et
1236 2937 1394 3011 Materia
1410 2939 1504 3039 ‚glu-

150 3039 288 3114 tinosa.
314 3084 364 3100 -
415 3042 514 3119 Vis:
539 3042 704 3114 maxime
722 3040 911 3132 nutriens,
938 3038 1143 3134 roboreus,
1172 3037 1401 3113 demulceus.

237 3161 327 3227 Cave
340 3187 382 3228 ne
400 3162 442 3227 sit
457 3163 499 3225 ab
515 3161 652 3226 insectis
667 3184 801 3227 erosum
816 3163 873 3226 vel
890 3157 1070 3247 uitiligine
1087 3173 1295 3247 corruptum,
1317 3173 1375 3224 aut
1402 3159 1503 3227 Lo'lio

150 3246 339 3309 temulento
363 3242 457 3329 (vide
481 3242 617 3328 Samen)
640 3242 883 3307 intermixtum.

278 3353 384 3416 fisus:
406 3349 444 3414 In
462 3349 617 3429 decocto,
639 3345 774 3414 additur
788 3346 972 3438 speciebus.
992 3382 1033 3395 -·
1062 3345 1209 3431 Praep:
1248 3345 1372 3411 Feri-na
1399 3372 1506 3436 prae-
1548 3339 1549 3342 ¹

192 3445 319 3521 parata,
342 3432 550 3498 Saechiiruin
569 3431 780 3512 hordeatum‚
796 3442 951 3509 (cremor)
972 3424 1208 3493 Ceresius-
1254 3427 1406 3496 Additur
1427 3430 1502 3496 aliis

194 3535 333 3601 quoque
354 3512 672 3601 compositionibus.

221 3647 368 3717 tunice,
394 3650 581 3720 ludicum,
603 3652 721 3707 ‘Color
746 3650 903 3716 Indicus,
928 3645 1165 3719 figmentum
1191 3645 1365 3703 Indicum.
1409 3650 1504 3723 zubtg,
1567 3649 1586 3680 ·'

149 3722 264 3786 indigo,
283 3726 356 3790 Inde.
375 3750 410 3760 -
447 3721 563 3775 Paratur
580 3739 613 3775 cx
629 3724 789 3794 Indigifero
807 3722 932 3772 tinctorio
946 3716 996 3782 in,
1017 3720 1174 3789 Indigcfera
1190 3721 1258 3770 Anii
1281 3719 1334 3784 ln,
1360 3724 1383 3772 I.
1403 3741 1505 3790 orgen-

70 3799 74 3806 ·
150 3801 196 3838 tea
210 3788 264 3853 ln,
278 3806 307 3840 e.
322 3789 361 3842 cl.
379 3788 562 3861 Diadelpliia,
581 3791 641 3844 ord.
659 3791 834 3855 Decandria,
853 3789 917 3841 tam.
936 3786 1199 3859 Leguminosaram,
1227 3787 1374 3842 fruticibus
1392 3791 1504 3845 utrius--

150 3872 204 3926 que
223 3855 331 3914 indiae.
353 3874 368 3910 e
386 3858 574 3927 Wriglitia
596 3859 780 3915 tinctoris
805 3860 837 3912 Pu
857 3859 962 3910 Bionis
981 3856 1036 3921 (Cl.
1054 3874 1080 3909 r.
1101 3856 1176 3910 Cart.
1196 3855 1311 3909 Conessi
1328 3857 1437 3928 peu),
1457 3877 1502 3913 ar-

148 3924 262 3982 bnieuti
281 3923 374 3978 Indiae
390 3925 553 3992 orientalis,
571 3928 712 3983 leatidc
730 3931 758 3982 ti
769 3945 811 3980 iic
823 3924 920 3979 toria
938 3925 971 3977 1..
996 3926 1034 3991 (v.
1054 3925 1146 3978 Herba
1163 3924 1249 3980 Glaeti
1265 3943 1296 3995 p.
1310 3929 1383 3992 121.)
1400 3937 1427 3981 et
1445 3947 1504 4001 pas·

149 3993 200 4047 siin
219 3994 278 4047 aliis
295 3993 410 4066 plantis,
429 3995 581 4066 praecipue
600 3996 782 4068 legumiucsis,
801 3992 986 4048 maceratione
1004 3995 1046 4046 vel
1064 3992 1217 4064 digestione
1235 3993 1364 4049 sotiorum
1383 3995 1411 4049 iii
1430 4014 1504 4071 aqua

150 4073 178 4116 et
194 4063 401 4137 conquassanda
418 4080 516 4134 aquam
534 4063 702 4118 decantatam
718 4065 790 4119 aeris
816 4062 909 4128 aditu,
934 4061 999 4114 dum
1015 4062 1185 4133 pigmentum
1202 4064 1320 4117 solutum
1340 4063 1368 4117 in
1383 4070 1502 4136 granula

150 4143 327 4197 concrescit,
355 4131 427 4204 qnod
452 4132 618 4187 subsidendo
636 4144 663 4186 et
682 4132 869 4189 edulcorandc
887 4129 1084 4200 depuraturct
1107 4130 1235 4187 siccatur.
1258 4161 1288 4171 -
1320 4132 1455 4188 Occurrit
1472 4137 1502 4190 iii

149 4202 227 4254 cubis
245 4200 470 4273 r-:ipotticiribus
495 4204 538 4255 sel
557 4201 677 4257 frustulis
696 4202 911 4275 irregularibus,
936 4197 1056 4268 laribus,
1075 4202 1242 4280 compactis,
1258 4202 1308 4255 aed
1327 4202 1502 4277 friabilibus3
1589 4215 1594 4222 '

149 4273 245 4324 colore
261 4274 378 4325 obscure
397 4273 544 4339 coeruleo3
561 4290 655 4343 ungue
673 4272 695 4325 si
714 4272 847 4338 fricatur,
865 4268 985 4324 nitorem
1002 4279 1116 4324 assumit
1134 4288 1276 4343 cupreum.
1296 4269 1422 4343 Optimus
1441 4292 1503 4328 cen·

148 4349 224 4392 sctur
250 4336 384 4412 indigo
409 4340 615 4395 orientalis
633 4350 660 4395 et
684 4340 901 4397 Guatimalo.
937 4336 1074 4460 qusipidus
1097 4348 1139 4393 est
1156 4350 1183 4393 et
1197 4339 1350 4408 inodorus3
1380 4341 1409 4406 i'ii
1428 4361 1502 4414 aqua

146 4407 265 4479 fugitis,
285 4410 313 4463 in
332 4410 432 4490 spiritu
450 4409 523 4477 vini,
543 4409 694 4482 liquoribus
709 4409 834 4472 alcaliuii
853 4418 880 4463 et
898 4408 939 4462 ici
958 4405 981 4460 is
1001 4406 1093 4462 dilutis
1110 4407 1169 4463 sene
1187 4408 1340 4479 insolubilis
1358 4420 1385 4463 et
1402 4411 1501 4466 immu-

147 4476 247 4559 tabilieq
266 4482 365 4532 catoris
383 4497 436 4550 ope
453 4480 556 4550 partim
573 4480 664 4533 avolat
678 4479 709 4534 in
726 4500 744 4535 r
780 4479 875 4535 oribus
912 4471 1058 4555 iirpureis,
1076 4479 1123 4548 qui
1148 4477 1370 4548 refrigescentes,
1390 4484 1501 4551 crystal-

146 4548 187 4601 los
204 4549 356 4602 aciculares
373 4565 653 4621 purpureocupreai.
671 4550 747 4621 splen
768 4558 842 4603 entes
861 4498 1005 4616 exiibent3
1024 4562 1085 4617 igne
1104 4556 1201 4619 aperto
1220 4544 1401 4600 comburitur.
1439 4548 1500 4623 Ops

146 4615 200 4669 olei
217 4616 319 4671 ritrioli
345 4618 471 4671 fumantis
489 4618 615 4680 soluitur,
635 4619 663 4671 in
682 4618 819 4673 solutione
837 4617 1030 4690 nigroazurea
1048 4615 1146 4686 ludigo
1164 4614 1366 4687 quodaminodo
1384 4618 1498 4676 alterata

146 4695 201 4752 est,
227 4687 265 4764 ita
282 4696 313 4739 ut
337 4687 366 4739 iii
392 4704 463 4760 aqua
474 4705 551 4808 pura
576 4687 643 4741 solvi
660 4687 754 4761 possit.
773 4687 875 4742 Alcelia
895 4700 998 4759 aquosa
1021 4700 1074 4756 ope
1092 4701 1243 4755 carporum
1260 4683 1496 4757 disoxyisnitun,

146 4771 170 4807 e.
187 4772 214 4825 g.
232 4754 334 4808 vitrioli
353 4758 455 4825 martis,
486 4755 569 4828 ndigo
587 4758 696 4813 solvunt
709 4755 847 4831 simulque
860 4756 1034 4820 decolorant,
1059 4760 1123 4808 a'e're
1141 4751 1269 4822 admisso,
1287 4752 1386 4810 solutio
1404 4770 1497 4813 autem

1045 4828 1088 4900 tt
