3559 5400
505 279 829 367 nsrmuruu
875 224 949 351 -ἱ,
975 277 1200 354 annun.
1264 258 1266 263 ’
1466 278 1510 350 11

113 492 119 500 ·
146 451 261 522 Part.
273 457 397 525 conat.
406 473 565 546 praem:
583 448 736 540 Rosius,
747 448 901 523 Gummi
909 460 947 521 et
955 442 1093 521 Oleum
1103 444 1320 521 aethereum.
1336 486 1379 500 -
1417 443 1456 517 V
1453 442 1489 519 ia
1499 468 1513 507 ··

143 545 481 708 antis'qaasmodica,
499 547 781 646 untihysterioa,
811 546 1019 643 resolvens,
1041 543 1361 621 anthelmiuthica.
1424 634 1431 650 .

258 641 426 723 ejicienda
450 646 523 711 Asa
545 642 1029 732 foetida‘fusco-nigrescens,
1052 640 1160 708 odore
1180 641 1361 723 debiliori,
1387 639 1511 720 aheno,

143 721 314 813 stipitibus
332 724 475 813 aliisque
495 726 687 814 quisquiliis
704 725 888 814 inquinata.

274 810 376 872 Usus:
397 808 534 874 Interue
551 807 586 873 in
605 808 732 896 pilulis,
745 809 842 885 bolis,
858 808 1040 894 clysmat03
1057 818 1200 870 externe
1220 804 1424 869 admiscetur
1436 826 1509 867 em-

212 886 331 966 lustris,
341 888 531 976 unguentis.
555 888 596 940 -ὲ
627 892 772 976 Paean:
795 889 973 962 Tinctum,
987 887 1099 974 Aqua,
1120 887 1258 970 Pilulac,
1277 887 1511 976 Emplastrum.

186 913 304 1038 itania
328 970 404 1035 aliis
426 988 564 1059 quoque
582 970 719 1036 additur
736 967 1053 1055 compositionibus.

215 1053 436 1122 ASPHALTUM,
453 1055 624 1110 Bitumen
641 1055 836 1122 judaicum.
857 1044 1137 1123 bopba11,3nbtnattb.
1150 1052 1291 1120 Asphalre.
1306 1049 1511 1105 Bitunaensoli-
1597 1086 1598 1089 =
1648 1026 1655 1058 γ’

143 1123 222 1191 duan,
234 1122 263 1175 in
281 1123 351 1176 mari
366 1133 476 1178 mortuo
484 1123 604 1179 Judasae
623 1124 815 1197 aliisquelsise
833 1132 860 1178 et
880 1123 1036 1176 insularum
1053 1120 1232 1194 quarumdam
1241 1120 1413 1192 archipalagi
1432 1119 1512 1174 occi·

143 1191 262 1247 dsntalia
274 1189 387 1261 lacubus
411 1192 606 1248 bitumiuiferis
621 1192 758 1261 innatans,
773 1192 813 1247 uti
828 1202 856 1247 et
871 1191 902 1246 in
917 1190 1017 1247 fodinis
1032 1189 1113 1257 aeris,
1128 1201 1155 1244 et
1164 1189 1193 1243 in
1201 1189 1363 1263 quibusdam
1373 1189 1512 1252 montibus

145 1259 280 1316 cdoursis
296 1270 323 1315 et
339 1261 481 1317 arenaceis
499 1279 660 1318 occurrens.
696 1263 794 1317 Fausta
811 1261 926 1334 globosa
944 1259 1104 1327 uniformia,
1123 1260 1289 1327 stalactidea,
1306 1258 1348 1313 vel
1366 1258 1511 1329 amorpba,

145 1339 298 1402 compacta,
317 1329 404 1398 fusca,
422 1330 547 1399 nitentia,
566 1330 697 1399 friabilis,
716 1330 838 1385 fractura
856 1330 1031 1385 conclioidea
1048 1328 1216 1399 splendente,
1232 1346 1311 1409 W·
1332 1332 1422 1395 1,1-
1441 1330 1510 1391 isal.

144 1399 304 1469 asphaltum
328 1398 495 1472 insipidum,
519 1399 576 1455 leui
598 1402 690 1455 calore
717 1400 869 1472 liquescens
890 1409 917 1452 et
943 1399 1058 1453 odorem
1081 1414 1213 1469 spargens
1231 1393 1513 1519 rnqratp-bitumino-

145 1486 216 1547 sum,
234 1467 348 1539 ignique
366 1471 507 1523 admotum
532 1468 640 1524 flamma
659 1469 750 1524 lucida
775 1469 939 1540 deflagrans.
982 1467 1014 1520 ln
1042 1484 1114 1539 aqua
1141 1465 1216 1521 haud
1240 1467 1366 1533 soulnle,
1391 1484 1463 1538 egre
1482 1483 1511 1519 rn

128 1535 248 1606 ¹spiritu
265 1535 332 1590 vini.
353 1569 385 1579 -
424 1543 493 1592 Via:
512 1538 679 1607 vulneraris,
698 1537 856 1605 balsamico,
884 1536 1056 1592 calefaciens.
1076 1568 1107 1577 -
1147 1541 1233 1588 Usus:
1251 1535 1291 1590 Ad
1309 1533 1414 1590 suffitus
1432 1544 1459 1589 et
1476 1534 1511 1589 ad

145 1605 299 1678 parandum
317 1604 416 1663 Oleum
432 1607 563 1679 Asphalti.
584 1607 751 1680 Emplastris
769 1622 881 1680 quoque
899 1605 1012 1660 additur
1029 1615 1056 1659 et
1073 1602 1230 1676 unguentis.

366 1723 687 1811 AURANTIA.
746 1728 1024 1838 banetacan.
1087 1728 1291 1839 wanges.

220 1842 332 1909 synon„-
368 1838 453 1892 Poma
471 1838 568 1907 (Mala,
587 1840 720 1903 Fructus)
739 1837 944 1893 intentionum.

213 1924 217 1929 ¹
249 1932 356 2008 cirri.
372 1934 567 2008 Arsrnnlii
585 1932 645 2026 L,
664 1934 749 2007 ecl.
769 1929 1055 2033 Polyadelphic,
1077 1930 1158 2005 orrl.
1172 1930 1399 2022 lcosandria,
1423 1931 1511 2007 fanu

145 2033 490 2125 Aurantiacearum‚
509 2032 656 2108 arboris
669 2032 772 2107 Asiae
789 2047 827 2104 et
853 2030 994 2105 Africae
1012 2030 1197 2120 borealis,
1227 2058 1314 2145 quae
1330 2032 1369 2104 in
1386 2031 1513 2105 Euro·
1578 2118 1582 2126 ⁴

145 2154 196 2232 pa
231 2131 467 2205 meridionali
502 2147 538 2204 et
564 2132 669 2206 ludia
697 2129 941 2222 occidentali,
986 2128 1092 2232 apud
1131 2156 1275 2204 uossm
1303 2130 1511 2231 plantariis,

147 2229 294 2324 colitur,
311 2232 470 2313 Fructus
489 2230 651 2331 globosi,
673 2257 795 2331 usque
816 2230 862 2302 ad
886 2229 1009 2329 paoni
1030 2244 1067 2302 et
1082 2228 1183 2302 ultra
1206 2231 1512 2328 magnitudinem,

22 2334 26 2339 ’
146 2330 285 2427 maturi
298 2345 450 2403 externe
462 2332 679 2423 aurantiaci,
696 2329 800 2403 intus
820 2329 934 2402 albo-
961 2330 1514 2422 arescentemelrubelli,10-

148 2431 408 2520 12looulares,
429 2429 547 2530 pulpa
570 2430 799 2520 succulenta,
812 2427 1019 2502 sentiniltus
1038 2429 1518 2522 ovato-rotundatis,sub--

145 2527 388 2630 compressis.
415 2528 665 2602 Inuumnrerae
684 2526 1002 2620 suntvarietates3
1021 2528 1210 2629 praecipue
1229 2528 1511 2629 distinguenda:

145 2627 384 2702 Aurautia
407 2627 587 2721 dulcia,
615 2627 720 2721 &tilis
741 2630 990 2726 vomttonatn,
1018 2651 1128 2699 carna
1155 2626 1369 2727 gratissima
1397 2629 1514 2702 resri-

147 2725 612 2828 gerante‚acidulo·duloi,
635 2742 671 2801 et
690 2725 927 2800 Aurantia
945 2749 1110 2817 amara,
1135 2727 1512 2826 metamaucum,
1600 2789 1602 2794 .

148 2851 260 2901 carne
275 2825 613 2904 amaro-subduloi.
625 2870 674 2883 -
701 2823 868 2900 Odorem
884 2840 1066 2996 squargunt
1082 2826 1343 2995 ffiratissiumnr
1361 2851 1514 2901 aroma·
1644 2835 1650 2849 '

144 2926 279 3000 ticum.
309 2967 359 2980 -
387 2930 499 2999 Part.
519 2937 645 3000 const.
672 2952 828 3024 procu:
869 2922 1007 2998 Ouum
1036 2949 1078 2996 ae
1123 2953 1260 3020 ereum,
1282 2925 1513 3027 Principium
1611 2928 1614 2934 ’

147 3023 594 3117 extractivumamaramr,
612 3022 839 3099 Saocharun'r
857 3039 894 3099 et
904 3024 1067 3097 Aridum
1085 3023 1514 3105 citricun1.-‘Via:re-
1573 3075 1575 3080 ·

146 3124 346 3225 frigerans,
367 3123 539 3200 nutriens
559 3140 596 3199 et
615 3124 794 3216 excitans,
807 3122 1048 3197 stomachica.

276 3224 385 3285 Usus:
416 3219 625 3308 diaeteticus.
646 3260 689 3271 -
711 3222 854 3303 Proca:
878 3218 1201 3302 Elaeosaccbarum3
1227 3219 1356 3288 Cortex
1377 3242 1513 3309 quoque

189 3303 371 3390 praecipue
387 3300 575 3367 adhibetur.

178 3517 182 3522 ,
231 3436 542 3522 AURANTIA
570 3433 911 3523 IMMATURA.
968 3435 1125 3551 unteife
1153 3437 1431 3553 ‘banetacan

649 3554 842 3666 Orangeo
870 3566 1017 3637 vertes.

220 3694 333 3765 synon:
355 3694 474 3749 Fructus
489 3691 591 3748 virides
615 3708 665 3747 seu
690 3691 829 3748 immaturi
846 3692 889 3746 rel
915 3691 1008 3760 Mala,
1034 3690 1118 3746 Poma
1141 3689 1289 3762 immatura
1307 3685 1512 3753 lurantiorurn,

61 3813 67 3822 ,
103 3762 108 3771 ’
148 3760 282 3816 Aurantia
301 3762 493 3818 Curassarica.
796 3773 802 3792 '

252 3831 490 3947 Collignntur
507 3830 654 3906 arboris
672 3829 934 3932 praecedentis
955 3831 1126 3923 Fructus,
1150 3854 1265 3929 quum
1283 3826 1359 3927 pisi
1374 3826 1423 3898 ad
1444 3849 1512 3898 ce-

150 3928 228 4004 rasi
249 3929 544 4046 magmtutlinom
568 3930 791 4031 adtigerunt,
825 3945 863 4004 et
892 3932 1110 4012 siccantur.¹
1140 3926 1283 4028 Rugosi
1311 3942 1400 3999 tunc
1426 3940 1514 3998 sunt

149 4028 411 4122 etdari,1atus
428 4030 549 4123 densi,
567 4031 704 4105 coloris
716 4046 870 4104 externe
886 4029 1044 4104 obscure
1062 4027 1256 4103 fusco-vol
1265 4024 1512 4128 guisern-uiri-

149 4126 222 4220 dis,
241 4130 344 4203 intus
370 4130 454 4204 laete
481 4129 601 4224 fusci,
630 4129 778 4230 saporis
796 4128 924 4222 amari,
943 4128 1136 4203 aromatici
1154 4127 1212 4201 uti
1235 4143 1271 4201 et
1293 4126 1434 4200 odoris.
1463 4165 1513 4182 -

152 4230 267 4302 Part.
287 4240 411 4303 const.
427 4255 586 4330 praem:
617 4223 754 4304 Oleum
779 4227 1236 4329 aethereum,Principiun1
1262 4226 1542 4304 extractivum
1614 4304 1620 4314 .

151 4351 333 4401 amarum.
361 4371 413 4386 -
442 4329 538 4407 Vis:
573 4329 767 4423 excitans,
802 4327 1021 4440 analeptioa
1054 4326 1295 4402 stomachico.

281 4426 385 4491 osus.-
407 4424 446 4490 ln
467 4424 592 4504 infuso,
618 4446 697 4492 raro
719 4425 755 4491 in
782 4426 969 4492 substantra
988 4445 1051 4515 pro
1073 4425 1321 4492 medicamento
1343 4417 1509 4510 praescri·
1581 4431 1583 4436 ’

152 4505 339 4572 buntur.-'
366 4507 507 4595 Prosus
531 4507 709 4587 Tinctum,
732 4507 942 4573 Extractum.

553 4617 777 4703 AURUM.
843 4616 970 4715 (boib.
1040 4623 1110 4705 Or.

221 4731 334 4802 synon:
367 4727 432 4798 Sol,
456 4728 514 4786 Rex
530 4731 710 4788 metallorum.

254 4797 478 4901 Plerumque
502 4801 691 4897 nativum,
737 4797 877 4903 saepius
903 4825 988 4879 oum
1013 4814 1169 4905 argento
1195 4799 1352 4905 aliisque
1376 4802 1516 4875 metal-
