3559 5400
239 269 544 349 GOERULEUM
571 269 868 350 MONTANUM
901 315 952 336 -
994 270 1161 349 COLLA
1187 275 1389 349 PISClUM
1441 277 1490 351 39

135 445 183 491 rie.
220 439 336 493 Ferrum
355 440 590 512 hydraeyanicum
608 440 907 514 axyda-axydulatum,
924 441 1123 515 Hydracyanas
1140 440 1401 510 terrosa-ferricus,
1419 443 1491 496 Fer-

135 524 198 561 rum
218 509 410 576 Borussicum,
429 509 585 565 Zooticum.

238 603 395 675 Paratur
418 604 457 676 in
482 604 646 679 officinis
672 603 850 680 chemicis
864 606 1180 709 'praecipitatione
1204 605 1406 681 solutionis
1427 606 1491 679 vi-

135 700 240 775 trioli
256 702 384 789 martis
402 703 463 774 vel
484 703 579 775 alius
600 703 690 777 salis
709 702 801 779 ferri
820 705 1190 819 wydo-oxydulati,
1219 706 1349 779 lixivii
1373 706 1493 805 (quod

135 801 290 891 (licitur)
309 801 516 901 sanguinis,
536 828 600 875 scu
623 801 719 876 alius
732 803 1042 878 alcaliborussicr
1058 831 1140 905 ope,
1153 822 1189 878 et
1199 804 1370 977 Eerfecta
1381 831 1493 902 prae-

137 899 283 1001 cipitati
299 900 589 993 edulcoratioue,
604 900 704 975 aiiris
725 902 840 975 aditu.
865 944 917 960 -
961 903 1096 978 Pulvis
1116 905 1178 977 vel
1237 905 1359 978 ustula
1380 904 1491 995 levia,

136 1026 213 1071 nau
245 997 449 1072 admodum
476 1016 691 1102 compacta,
720 1000 905 1094 friabilia,
934 1001 1093 1077 obscure
1113 1004 1305 1095 co‘erulea,
1332 1005 1493 1079 fractura

45 1110 53 1119 '
137 1099 481 1198 violaceo-cuprea.
498 1099 722 1202 insipidum
741 1115 812 1191 est,
829 1116 940 1202 atque
956 1100 1159 1174 insolubile
1176 1103 1216 1176 in
1228 1126 1336 1201 aqua,
1357 1103 1493 1202 spiritu

136 1197 232 1288 viui,
259 1195 451 1296 aridisque
473 1200 622 1292 dilutis3
642 1198 752 1272 facile
772 1216 897 1273 autem
920 1200 1209 1315 decomponitur
1221 1200 1414 1298 liquorum
1434 1201 1495 1274 al-

137 1296 350 1370 caliuorum
370 1298 530 1372 auxilio.
557 1343 608 1355 -
643 1303 755 1373 Part.
786 1310 934 1374 conat:
959 1299 1071 1375 Acidr
1091 1299 1364 1399 hydrocyanici
1382 1303 1428 1394 2,
1460 1317 1496 1373 et

135 1395 242 1567 {Euri
269 1396 638 1496 oxydo-oxydulati
662 1401 706 1500 2}
728 1426 767 1500 p.
785 1399 860 1491 M„
886 1425 972 1473 cum
991 1400 1124 1500 Aquae
1143 1399 1347 1500 quantitate
1366 1402 1496 1474 raria-

196 1522 221 1570 l,
246 1536 297 1553 -ι
647 1562 651 1568 ,
1465 1554 1466 1561 ,

222 1590 475 1656 Caeruleum
509 1591 796 1657 Berolinense
827 1613 1070 1674 commune,
1100 1593 1308 1660 amixtione
1338 1595 1494 1658 aluminis

137 1686 171 1737 et
187 1672 316 1739 vitrioli
338 1674 475 1753 martis,
508 1672 623 1737 lixivii
638 1672 813 1755 sanguinis
838 1697 904 1763 ope
923 1677 1107 1754 obtentum,
1128 1676 1322 1763 colorisque
1342 1676 1495 1741 laetioris

136 1754 263 1839 (minus
281 1761 440 1832 saturaret
469 1755 630 1820 coerulei.
652 1754 849 1821 Aluminam
864 1770 1040 1846 praeterea
1058 1758 1217 1847 continet.

242 1842 283 1915 V
280 1838 335 1913 ia:
362 1839 571 1941 febrifuga,
609 1839 887 1941 antiepileptica
918 1837 987 1937 (?).

221 1960 270 2025 Sit
290 1960 386 2038 levis,
411 1965 528 2026 colore
544 1958 614 2024 indi
641 1961 743 2039 otico,
762 1961 827 2026 insi
852 1961 959 2043 idum,
974 1960 1010 2026 in
1026 1962 1194 2029 vehiculis
1209 1986 1247 2028 sn
1273 1988 1309 2030 ra
1324 1987 1497 2030 memora*

134 2041 183 2136 tia
199 2044 296 2129 plane
314 2042 508 2109 insolubile.
531 2080 572 2093 -
624 2045 799 2108 ceruleum
845 2041 1048 2126 eroliuense,
1066 2047 1185 2109 colore
1208 1987 1399 2134 pallidiore,
1421 2051 1496 2110 altr-

136 2148 262 2188 rmutun
280 2125 451 2191 acidorum
474 2148 539 2199 ona
558 2125 634 2190 deta
660 2124 789 2206 endam,
813 2126 1013 2206 continens,
1038 2127 1081 2190 ad
1104 2149 1201 2191 usum
1221 2129 1389 2194 medicum
1411 2128 1499 2209 reji-

136 2204 305 2283 ciendum,
323 2222 422 2293 atque
441 2207 482 2271 ad
503 2230 598 2271 usum
616 2148 1108 2297 cimino-pharmaceuticum
1126 2223 1222 2274 antea
1240 2210 1434 2299 digestione
1459 2210 1495 2275 in

140 2286 241 2352 acido
262 2288 441 2355 muriatico
454 2287 696 2377 depurandum.

269 2373 370 2436 Issus:
394 2373 544 2449 luterus,
568 2370 603 2435 in
628 2373 780 2458 pulvera,
802 2391 890 2436 raro.
913 2409 956 2421 -
998 2372 1056 2437 Ad
1077 2372 1264 2462 parandum
1293 2371 1498 2438 Mercurium

182 2467 214 2518 et
234 2453 312 2517 Knli
334 2453 562 2528 Borussicurn‚
586 2452 720 2539 aliaque
736 2452 925 2541 composita
943 2468 1086 2543 cyanata
1107 2455 1298 2519 adhibetur.

197 2566 381 2610 continuatius
395 2565 578 2608 morardum.
606 2563 655 2611 litt
671 2563 734 2606 blau·
762 2562 822 2608 Bleu
836 2562 865 2609 de
878 2571 1010 2627 magne.
1026 2592 1054 2603 -
1082 2569 1186 2611 nativum
1200 2567 1293 2610 amarrit
1307 2579 1355 2609 mm
1370 2567 1417 2609 alth
1437 2570 1497 2622 cupri

138 2625 239 2673 mineris,
257 2632 278 2665 et
299 2623 437 2669 artificialiter
458 2630 550 2677 paratur,
577 2621 754 2674 decompositimaa
777 2624 839 2676 cupri
852 2623 924 2665 uitrici
938 2625 1027 2679 oxydut
1040 2638 1082 2679 ops
1101 2625 1169 2666 micis.
1198 2648 1225 2657 -
1268 2624 1342 2665 Pulvis
1357 2623 1410 2663 lasts
1423 2636 1499 2665 coeru-
1549 2644 1552 2647 ·

110 2703 112 2706 v
139 2680 192 2731 lena,
205 2692 278 2736 sapore
292 2680 366 2731 debili,
380 2680 464 2732 ingrato
478 2679 596 2728 nretnllicou
611 2677 731 2721 insolubilis
745 2679 767 2721 in
781 2692 841 2732 aqua,
854 2677 877 2721 in
890 2680 955 2723 acidia
969 2688 1038 2723 nutem
1052 2681 1113 2723 facile
1126 2681 1230 2732 solubilia,
1243 2680 1282 2721 suh
1297 2679 1457 2721 effervmoeutia.
1470 2704 1497 2712 -

140 2737 236 2790 Captum
249 2745 279 2779 aar
293 2737 466 2779 subcatbouicuru
481 2737 589 2788 impurum
604 2732 687 2786 (trtldt
702 2733 869 2786 sustentatur),
881 2737 969 2789 purtim.
1011 2737 1097 2778 Interns
1119 2737 1240 2779 adhibitum
1254 2736 1316 2777 facile
1331 2737 1374 2777 n'n
1388 2737 1497 2777 auuioem

139 2795 239 2891 mem.
267 2794 326 2836 Olim
340 2801 363 2834 ut
378 2792 552 2834 medicamentum
566 2790 699 2833 naminari.
718 2814 745 2824 -
775 2791 872 2834 Ceterum
895 2792 937 2835 hoc
955 2792 1019 2836 etim
1036 2794 1121 2837 uomina
1142 2793 1241 2836 coerulei
1261 2792 1400 2833 Beroliuemia
1420 2793 1498 2848 spectes

205 2858 246 2891 rur.

211 2902 329 2959 contu
349 2900 521 2954 rotmanis.
539 2899 686 2968 ‘lateritiae
706 2901 780 2954 Colle
797 2901 922 2954 antmnle.
941 2930 976 2947 -
994 2902 1110 2956 Paratur
1128 2918 1143 2955 e
1161 2901 1256 2957 tunica
1273 2900 1411 2968 celluloaa,
1427 2910 1497 2970 cute,

141 2969 266 3036 ossdius,
284 2971 442 3042 unguibus,
470 2968 585 3041 aliisque
604 2970 727 3038 partibus
745 2968 932 3042 cartilagineis
951 2969 1130 3039 animalium,
1157 2971 1284 3026 coctione
1302 2987 1365 3024 cum
1383 2987 1454 3042 aqua
1472 2982 1498 3024 et

141 3039 336 3110 evaporatione
356 3039 389 3091 ad
408 3038 519 3093 siccum.
537 3069 573 3077 -
590 3038 689 3107 Massa,
709 3039 737 3092 in
756 3039 859 3093 tabutas
877 3040 988 3094 redacta
1007 3056 1175 3107 occurrens,
1200 3040 1303 3106 solida,
1323 3037 1430 3104 albida,
1455 3042 1498 3094 vel

141 3107 285 3175 lutrscens,
305 3108 450 3179 diaphana,
471 3106 694 3178 fragili-eleatica,
713 3108 831 3162 inodora
850 3117 877 3161 et
895 3108 1029 3179 insipida3
1059 3108 1088 3162 in
1107 3127 1179 3177 aqua
1198 3109 1298 3181 frigida
1315 3108 1497 3168 intumescens

142 3178 363 3249 mollescenaqus,
381 3176 410 3229 iu
430 3194 501 3248 aqua
519 3176 607 3230 calida
625 3176 764 3242 solubilis,
785 3195 854 3248 quae
874 3177 984 3246 quidem
1003 3178 1104 3230 solutio
1122 3187 1300 3233 concentrata
1319 3176 1498 3248 refrigescens
1560 3186 1568 3202 ·

141 3247 286 3317 gelatinam
302 3245 425 3313 exhibet,
444 3264 506 3299 cum
524 3244 664 3366 principio
683 3245 879 3368 scytodeXhico
900 3247 1111 3317 praecipitatum
1128 3247 1263 3319 praebens
1281 3245 1389 3299 elastice
1408 3256 1496 3312 tenax,

142 3313 221 3367 corio
239 3315 334 3368 simile.
363 3316 392 3367 ln
411 3314 511 3384 spiritu
529 3314 587 3368 viui
617 3313 716 3368 artiora
735 3314 789 3368 hau
809 3353 817 3380 ,
836 3314 878 3366 rel
898 3330 997 3384 parum
1024 3315 1324 3384 tantum,snlnhilis.-
1344 3314 1498 3368 Substantia

141 3393 180 3437 est
191 3383 232 3436 rui
250 3384 358 3456 generis
377 3384 519 3455 organica,
527 3385 638 3437 Azotum
656 3381 844 3436 continens.—
862 3388 933 3437 Via.-
949 3382 1128 3438 nutriens.-
1145 3385 1219 3439 Pura
1236 3383 1271 3438 ad
1288 3383 1435 3455 gelatinam
1454 3399 1498 3455 pa-

142 3453 254 3506 randam
274 3453 434 3544 adhibenda.
453 3482 488 3494 ·-
506 3453 567 3507 Huc
584 3451 705 3523 partinet

199 3565 389 3656 COLLA
419 3564 662 3653 PlSClUlld.
722 3553 990 3670 59tttftttblaft.
1053 3565 1165 3653 Colle
1184 3568 1238 3652 de
1252 3576 1438 3679 poiaaon.

213 3713 326 3780 Syriam:
343 3706 540 3780 ichthyocolla.
577 3708 716 3775 dlfdftim.

209 3804 465 3902 Acipenaeria
476 3800 689 3892 Sturionia,
704 3800 880 3873 Huaonia
892 3800 949 3892 L,
971 3794 1205 3900 aliarumque
1222 3799 1382 3899 piscium
1406 3826 1423 3871 s
1443 3827 1498 3872 ie·

142 3902 300 3994 cicrurn,
318 3931 367 3976 ex
385 3903 464 3978 ord.
484 3900 934 4002 Choudropterygiorum,
954 3900 1389 3989 fan1.Microst0matum,
1410 3828 1499 3970 'fu-

116 4001 224 4094 ,uica
243 4001 386 4075 iuterna
404 4001 551 4075 vesicae
569 4001 790 4089 natatoriae,
818 3999 1067 4073 maceratione
1097 4000 1138 4071 in
1168 4023 1265 4097 aqua
1291 3998 1339 4070 ab
1368 4006 1525 4072 exter·'

139 4126 188 4173 ua
212 4102 357 4201 privata
377 4117 414 4176 et
428 4101 576 4174 siccata.
589 4141 635 4156 -
658 4096 831 4172 Occurrit
842 4097 881 4168 iu
897 4098 1045 4172 annulis
1062 4097 1339 4196 lyriformilius,
1359 4098 1421 4170 Co
1432 4099 1443 4168 l
1455 4096 1498 4166 la

140 4200 359 4301 piscium
385 4200 642 4288 annulata,
670 4199 1021 4297 iliingtlltuttfettbiaft,
1048 4198 1162 4298 inque
1182 4196 1368 4287 Foliis,
1389 4195 1495 4272 tatto

93 4297 97 4306 ⁴
140 4302 408 4398 terituulutblaft.
447 4299 541 4371 Sunt
564 4299 734 4371 lamellae
757 4313 909 4389 tenuas,
932 4295 1099 4389 albidae,
1127 4296 1337 4398 diaphauac
1349 4352 1361 4387 ,
1386 4309 1497 4382 tena-

140 4423 217 4492 ces,
242 4399 460 4488 cellulosae,
486 4398 684 4487 inodorae,
710 4395 983 4497 insipidaeque.
1009 4438 1059 4451 -
1093 4396 1249 4471 Constat
1273 4397 1350 4468 fere
1372 4393 1496 4467 omnia

139 4523 189 4572 ex
205 4498 318 4571 Colla
337 4525 403 4594 seu
427 4496 595 4571 Galatina
620 4496 717 4570 sicca
745 4497 804 4589 (v.
828 4495 1088 4596 praecedens).

223 4595 273 4660 Sit
291 4596 412 4674 albida,
434 4593 669 4688 diapbana,·in
694 4591 1059 4689 foliisquodamrnodo
1078 4592 1225 4688 micans,
1251 4589 1367 4685 odoris
1384 4603 1416 4656 et
1439 4613 1498 4686 sa·

139 4679 236 4770 poris
257 4700 392 4770 expers,
409 4676 445 4745 in
463 4700 550 4765 aqua
566 4675 676 4747 calida
696 4690 728 4741 et
748 4688 951 4763 spiritumm
969 4673 1078 4741 diluto
1092 4689 1139 4740 tta
1159 4671 1324 4753 solubilis,
1343 4688 1376 4739 ut
1388 4688 1499 4739 vestr-
