3559 5400
1453 350 1507 403 vu

143 548 284 645 quilms
302 548 669 651 pharmacopoearnm
692 572 907 628 emsenssrn
932 551 1067 628 afferre
1099 550 1188 627 nihil
1218 552 1388 626 atdnet.v
1418 546 1510 624 Noti

145 694 237 747 raro
261 668 507 773 praeparandi
531 675 637 751 aliae<
651 674 810 751 memadt
834 666 1087 773 exponantur,
1122 697 1216 771 qnae
1248 696 1317 773 pro
1351 696 1392 748 re
1423 678 1519 747 nata

146 796 333 870 interdum
358 796 565 875 oornducere
591 796 764 899 possunt.
815 798 995 875 Rationes
1021 823 1164 906 quoqne
1195 799 1268 875 boc
1296 799 1382 874 loeo
1412 799 1506 875 ades

147 929 297 1009 runtnr,
324 943 346 995 e
371 922 499 1019 quibus
524 919 714 997 methodus
739 920 916 1021 adoptata
940 926 1087 998 ceteris
1101 922 1266 1021 praelata
1290 920 1413 996 inerit.

249 1043 416 1121 Alterum
444 1044 607 1120 ordinem
630 1066 748 1120 voees
773 1052 899 1120 tenent
924 1048 1023 1144 typis
1053 1045 1177 1144 paullo
1208 1030 1405 1119 minoribus
1437 1045 1505 1114 im-

145 1189 316 1267 pressae.
379 1167 480 1243 Inter
514 1166 583 1243 has
614 1170 875 1245 medicamenta
910 1178 949 1245 et
980 1158 1160 1244 formulae
1194 1180 1370 1268 receptae
1402 1175 1506 1256 sant,

147 1314 246 1388 quae
270 1284 337 1367 vel
360 1292 521 1369 bio-illic
546 1312 675 1389 magna
700 1290 810 1367 lande
836 1282 1022 1386 sernntdr,
1057 1292 1122 1367 vel
1154 1282 1303 1390 saepius
1334 1294 1372 1364 in
1403 1278 1504 1363 usum

146 1425 350 1508 vocantur,
387 1438 457 1492 nee
486 1426 604 1490 tamen
630 1415 772 1513 ubique
804 1427 980 1491 terrarum
1015 1412 1388 1493 eadem'auctoritate
1414 1436 1507 1512 gau-

145 1540 261 1633 dent,
296 1539 438 1616 sedati
462 1532 726 1617 ordinationem
752 1540 882 1617 medici
908 1543 1121 1640 praeparari
1136 1536 1303 1614 debent
1361 1536 1507 1611 Nomen

144 1667 277 1763 incipit
302 1668 482 1759 antiquum
508 1674 547 1739 et
572 1667 896 1739 usitatissimum-si
921 1658 1058 1754 adest.
1081 1682 1285 1763 synonyma
1310 1663 1506 1756 insequun·
1636 1689 1640 1697 ·

148 1795 211 1861 tur
230 1785 359 1883 'lingua
381 1786 513 1879 latina,
548 1791 754 1885 germanica
779 1796 818 1863 et
843 1787 1005 1884 gallica·
1054 1784 1231 1883 Sequitur
1260 1781 1505 1883 praeparandi
1640 1805 1644 1813 ·

148 1910 306 1985 formula
337 1913 622 2009 spectatissima,
664 1909 829 1986 codicum
866 1920 906 1987 et
939 1909 1286 2010 dispensatoriorum
1320 1905 1507 1981 dissensus

33 2128 34 2133 .
147 2031 305 2133 posthac
331 2037 538 2133 exponitur.

251 2155 371 2255 'l'ypis
397 2152 553 2254 deniqne
578 2159 726 2230 minimis
751 2179 868 2232 voces
894 2157 991 2231 tertii
1017 2152 1155 2229 ordinis
1181 2156 1381 2252 impressae
1404 2159 1504 2241 sunt,

152 2301 245 2374 qnae
277 2277 344 2353 vel
376 2279 483 2375 plane
520 2280 793 2370 exoleverunt,
835 2279 900 2354 vel
934 2278 1088 2376 singulis
1123 2274 1332 2352 auctoribus
1370 2283 1505 2349 somn

152 2401 423 2478 commendatae
445 2411 540 2476 sunt.
589 2402 632 2476 ln
655 2400 727 2477 hoc
743 2407 885 2500 agmine
907 2404 1013 2478 turba
1034 2401 1263 2476 formularum
1282 2403 1507 2497 antiquarum

153 2532 334 2627 reperitur
360 2527 582 2626 temporibus
608 2528 769 2625 pristinis
794 2529 942 2626 saepius
968 2529 1177 2600 usitatarum
1203 2533 1241 2601 et
1268 2535 1341 2598 tum
1360 2533 1507 2621 tempo-

155 2654 205 2726 ris
233 2652 293 2728 hic
327 2653 402 2728 illic
432 2654 560 2727 iterum
585 2650 860 2726 occurrentium.
922 2647 1057 2725 Omnes
1081 2648 1404 2746 Pbarmacopoeae
1436 2643 1507 2719 ali·

153 2779 258 2875 cujus
290 2778 519 2852 auctoritatis
554 2774 634 2850 lere
672 2782 773 2849 totae
806 2774 878 2850 hoc
911 2771 1040 2848 ordine
1070 2774 1325 2863 continentur,
1361 2793 1412 2847 ex
1442 2773 1505 2858 iis,

33 2881 35 2896 ¹
152 2921 246 2996 quae
270 2903 406 2974 minore
432 2908 567 2974 tantum
592 2897 753 2998 gaudent
773 2902 1014 2990 auctoritate,
1040 2898 1202 2973 selectus
1226 2894 1505 2972 medicaminum.

150 3021 340 3121 Receptae
380 3031 464 3096 suut
500 3022 701 3113 formulae,
745 3045 838 3121 quae
874 3019 1118 3120 probabiliter
1153 3019 1273 3097 adhuc
1309 3044 1506 3097 occurrere

149 3152 319 3244 possunt,
358 3157 429 3218 tum
454 3168 570 3237 vero,
604 3154 645 3219 ut
670 3144 842 3243 quidquid
867 3148 972 3218 iniis
997 3148 1046 3219 sit
1071 3145 1338 3243 quisquiliarum
1364 3166 1506 3242 cogno-

150 3278 286 3343 scatur.
337 3268 378 3341 ln
404 3267 475 3343 boc
499 3269 642 3342 selectu
666 3267 828 3341 omnibus
853 3269 1079 3343 satisfactum
1103 3291 1189 3344 esse
1213 3266 1311 3343 haud
1335 3265 1506 3344 credide-

151 3394 236 3483 rim,
262 3413 332 3466 nec
359 3390 439 3465 lieri
464 3388 502 3463 id
526 3412 638 3489 posse
662 3393 699 3463 in
723 3397 824 3463 tauta
848 3391 1024 3466 bominum
1046 3392 1116 3470 bac
1137 3389 1185 3467 de
1205 3416 1246 3468 re
1266 3391 1506 3466 dissensione.

150 3513 246 3589 Sunt
272 3517 332 3613 qui
357 3515 612 3591 Universalem
637 3513 822 3613 farragine
848 3514 1018 3589 obsoleta
1040 3512 1206 3589 obrutam
1235 3521 1385 3614 putent,
1422 3523 1506 3587 sunt

150 3642 209 3736 qui
234 3643 425 3714 minutiora
456 3643 561 3714 etiam
596 3642 709 3738 recipi
742 3662 855 3739 posse
887 3642 1107 3715 existiment.
1166 3635 1269 3737 Opus
1298 3635 1502 3712 inchoatum

149 3764 271 3836 inveni
304 3763 425 3837 multis
458 3762 641 3853 formulis,
677 3771 715 3839 et
739 3766 775 3836 in
801 3760 857 3836 bis
882 3765 1033 3862 ineptis,
1071 3762 1268 3861 repletum,
1302 3763 1505 3837 continuari

149 3878 197 3953 ad
223 3881 375 3956 eandem
400 3908 557 3960 normam
583 3884 753 3961 debebat.
810 3884 969 3984 Semper
993 3896 1079 3961 ante
1105 3886 1235 3961 oculos
1260 3884 1369 3959 habui
1394 3908 1505 3982 prae·

33 4037 34 4044 κ
149 4015 248 4079 stare
271 4005 447 4080 formulas
473 4019 613 4084 centum
640 4031 938 4108 supervacaneas
963 4007 1120 4099 adesse,
1148 4033 1252 4105 qoam
1279 4033 1382 4082 unam
1403 4006 1506 4083 desi-

148 4124 283 4202 derari.
343 4130 433 4205 Non
467 4136 559 4208 enim
585 4131 798 4231 perlegendi
824 4131 894 4207 sed
919 4131 1162 4231 pervolvendi
1189 4155 1302 4208 causa
1326 4131 1505 4208 formulae

148 4254 322 4349 copiosae
348 4252 491 4329 adsunt.

245 4374 556 4452 Tbermometrnm
580 4379 882 4456 Beuumurianum
908 4389 1093 4476 receptum
1120 4390 1188 4453 est.
1249 4375 1402 4451 Pondus
1428 4401 1504 4452 me·

146 4494 304 4572 dicinale
330 4496 544 4575 divisionem
570 4501 748 4576 Noricam
772 4499 884 4575 babet
910 4498 1048 4574 Librae
1080 4501 1221 4575 scilicet
1249 4501 1385 4576 Uncias
1410 4497 1504 4575 duo·

145 4619 261 4695 decim
281 4624 510 4696 continentis.
561 4624 603 4697 ln
624 4624 777 4722 singulis
802 4624 966 4700 formalis
991 4624 1217 4702 diversitatis
1243 4624 1418 4724 ponderis
1443 4651 1504 4699 ra-

146 4747 197 4818 tio
223 4744 349 4821 baberi
374 4768 444 4827 non
471 4757 639 4845 poterat,
666 4751 748 4847 quia
775 4747 846 4827 boe
867 4748 1045 4826 calculum
1064 4751 1329 4824 nainotissimum
1353 4752 1504 4846 exegis-
