3559 5400
1456 346 1510 399 vn

31 632 32 635 a
148 547 287 646 quibus
306 540 673 650 pbarmaooposarum
695 566 911 627 eonsensum
935 549 1071 625 efferre
1096 534 1192 623 'nibil
1222 546 1391 623 attinet'«
1422 542 1514 621 Noti

151 694 241 747 raro
265 666 510 772 praeparandi
535 674 631 749 aliae
655 673 814 750 methodi
839 662 1091 771 exponuntur,
1125 694 1220 769 qnae
1251 692 1321 771 pro
1354 692 1396 745 re
1427 676 1523 743 nata

153 795 337 870 interdum
363 795 569 875 nouduoere
595 807 758 897 possunt.
819 796 999 872 Rationes
1025 820 1167 903 quoque
1199 796 1272 871 boo
1300 795 1386 870 loeo
1416 794 1510 871 affe*

154 928 301 1009 suntor,
328 921 503 1019 equibus
528 919 719 995 methodus
743 920 920 1018 adeptam
944 923 1080 996 esteris
1105 920 1270 1018 praelate
1294 918 1441 992 fuerit'

253 1042 421 1119 Alterum
448 1043 611 1119 ordinem
635 1064 752 1118 voees
777 1050 903 1118 tenent
929 1045 1027 1142 typis
1057 1042 1181 1141 paullo
1213 1028 1409 1115 minoribus
1442 1041 1509 1111 im·

31 1156 32 1193 ³
153 1188 320 1266 pressas.
383 1166 485 1242 Inter
518 1164 587 1241 bas
619 1168 880 1243 medicamento
914 1175 954 1243 et
984 1166 1164 1241 formulae
1198 1176 1386 1265 receptae¹
1406 1171 1510 1252 sunt,

155 1314 250 1388 quae
273 1284 341 1367 vel
364 1291 525 1368 bie·illio
550 1311 680 1388 magua
704 1282 815 1365 leude
841 1280 1026 1382 feruntur,
1061 1289 1127 1364 vel
1159 1291 1307 1387 saepius
1325 1290 1376 1361 'in
1407 1272 1509 1360 usum

31 1488 32 1527 ἰ
154 1425 355 1508 vorsantur,
391 1439 462 1491 noe
490 1426 609 1489 tumen
634 1414 777 1512 unique
809 1425 985 1488 terrarum
1019 1410 1147 1489 eadem
1160 1404 1393 1489 'auctoritate
1418 1432 1511 1507 gau-

154 1540 266 1633 dest.
301 1539 442 1617 sedad
466 1530 731 1614 ordinationem
757 1538 887 1614 medici
912 1540 1125 1638 praeparari
1141 1534 1307 1610 —debont
1365 1532 1511 1608 Nomen

153 1666 283 1762 incipit
307 1667 487 1758 antiquum
513 1672 551 1737 et
577 1665 844 1737 usitatissimum
868 1665 901 1734 si
926 1654 1053 1752 adest,
1086 1678 1289 1759 synonyma
1314 1660 1511 1752 insequun-
1640 1685 1644 1693 ·

156 1795 216 1859 tur
239 1785 364 1882 lingua
387 1784 518 1877 letina,
553 1788 759 1882 germanius
784 1792 823 1859 et
849 1784 1010 1881 gallica·
1058 1780 1235 1880 Sequitur
1266 1777 1509 1878 praeparandi
1645 1801 1648 1808 ’

156 1909 311 1983 formula
342 1911 627 2007 spectatissima,
669 1907 834 1983 oodieum
872 1917 910 1984 et
943 1907 1290 2007 dispensatoriorum
1323 1902 1511 1977 dissensus

155 2030 311 2130 posthae
336 2034 543 2130 exponitur.

256 2153 377 2254 Typis
402 2151 558 2252 denique
584 2156 731 2228 minimis
757 2175 873 2228 voees
898 2153 996 2229 tertii
1022 2150 1161 2226 ordinis
1186 2153 1385 2248 impressae
1409 2158 1509 2237 sunt,

158 2299 251 2373 quse
282 2277 349 2352 vel
382 2277 490 2373 plane
526 2278 798 2368 exoleverunt,
840 2275 905 2352 vel
940 2275 1093 2373 siugrdis
1128 2271 1337 2348 auctoribus
1375 2277 1510 2343 tentum

157 2400 429 2476 commendatae
451 2411 545 2474 sunt.
595 2400 638 2475 ln
661 2400 732 2475 boo
749 2403 890 2498 agmine
913 2401 1019 2475 turba
1038 2398 1268 2474 formularum
1287 2399 1511 2492 antiquarum

158 2531 340 2627 reperitur
365 2523 588 2625 temporibus
613 2526 774 2623 pristinis
800 2526 947 2623 saepius
973 2527 1182 2596 usitatarum
1208 2531 1246 2597 et
1273 2531 1347 2595 tum
1366 2529 1511 2616 tempo·

159 2654 210 2724 ris
239 2650 299 2726 hie
332 2650 409 2728 illio
438 2653 565 2725 iterum
590 2648 865 2723 occurrentium.
927 2644 1062 2722 Omnes
1087 2645 1409 2740 Pharmaeopoeae
1440 2640 1512 2715 ali-

31 2873 32 2882 *
158 2777 263 2873 eujus
296 2777 525 2850 auctoritatis
559 2772 640 2848 iere
677 2779 779 2847 totae
812 2771 884 2847 hoe
917 2768 1045 2846 ordine
1076 2771 1330 2859 eontinentur,
1366 2789 1417 2843 ex
1447 2768 1510 2855 iis,

158 2920 252 2995 quae
275 2900 412 2971 minore
438 2906 572 2972 tantum
597 2894 759 2995 gaudent
779 2898 1019 2986 auctoritate,
1046 2895 1207 2970 seleotus
1231 2892 1510 2969 medicaminum.

157 3019 347 3120 lleeeptae
386 3028 470 3093 sunt
506 3020 707 3111 formulae,
751 3042 844 3118 quae
881 3017 1123 3116 probabiliter
1158 3017 1278 3093 adbuo
1314 3040 1511 3092 occurrere

154 3151 325 3243 possunt,
363 3153 435 3216 tum
461 3165 576 3236 vero,
610 3152 650 3217 ut
675 3141 848 3240 quidquid
872 3145 910 3215 in
933 3145 978 3216 iis
1002 3145 1051 3216 sit
1076 3141 1345 3239 quisquiliarum
1369 3161 1511 3237 eogno-

156 3276 292 3343 soatur.
342 3266 385 3340 ln
409 3262 481 3341 boe
505 3267 648 3340 selectu
672 3264 834 3338 omnibus
859 3266 1084 3340 satisfactum
1108 3288 1194 3340 esse
1219 3262 1316 3338 haud
1341 3262 1512 3340 eredide-

157 3393 242 3483 rim,
268 3413 338 3465 nee
364 3389 444 3464 fieri
470 3388 507 3462 id
532 3411 643 3488 posse
668 3391 705 3462 in
729 3395 830 3462 taum
854 3388 1030 3464 bominum
1052 3389 1122 3465 bne
1142 3388 1190 3465 de
1210 3412 1252 3463 re
1272 3388 1511 3462 dissensione.

157 3514 253 3589 Sunt
278 3517 338 3611 qui
363 3514 618 3589 Universalem
641 3513 828 3610 farragine
854 3511 1023 3586 obsoleta
1047 3511 1212 3586 obrutam
1241 3517 1390 3609 putent,
1428 3519 1512 3582 sunt

157 3642 215 3735 qui
240 3642 431 3713 minutiora
462 3641 568 3712 etiam
603 3640 715 3735 reeipi
749 3659 861 3736 posse
894 3639 1114 3711 existiment.
1172 3631 1275 3732 (lpus
1305 3631 1508 3707 inchoatum

157 3763 278 3835 inveni
310 3761 431 3835 multis
463 3762 648 3852 formulis,
684 3763 783 3835 etin
807 3759 863 3833 his
886 3762 1039 3859 ineptis,
1077 3758 1274 3858 repletum,
1308 3759 1510 3832 continuari

155 3879 204 3954 ad
229 3880 381 3958 eandem
405 3907 564 3958 normam
588 3883 759 3958 debebat.
816 3882 975 3981 Semper
999 3894 1086 3956 aitte
1112 3882 1241 3958 oeulos
1266 3881 1374 3955 habui
1400 3904 1511 3978 prue-

156 4015 253 4080 stare
278 4005 453 4080 formulas
479 4016 620 4082 eentum
646 4029 944 4106 supervacaneas
969 4004 1126 4095 adesse,
1154 4029 1257 4101 quam
1284 4028 1387 4078 unam
1408 4001 1513 4078 desi-

156 4126 289 4202 derari.
349 4131 439 4205 Nou
474 4135 567 4206 enim
591 4128 805 4229 perlegendi
831 4129 900 4204 sed
924 4128 1169 4229 pervolveudi
1196 4152 1308 4204 eausa
1333 4127 1511 4202 formulae

155 4254 329 4348 copiosae
355 4252 497 4328 adsunt.

252 4373 563 4452 Thermometrum
586 4377 888 4453 Reanmuriannm
915 4387 1100 4473 receptum
1126 4387 1194 4450 est.
1257 4371 1408 4448 Pondus
1435 4397 1510 4447 me·

154 4492 311 4571 dioinale
337 4496 552 4573 divisionem
577 4499 754 4574 Norieam
779 4497 890 4573 babet
917 4495 1054 4572 Librae
1086 4495 1228 4571 seilicet
1255 4496 1392 4572 Uneias
1417 4492 1511 4571 duo·

31 4677 33 4714 q
153 4616 268 4693 deoim
289 4622 517 4695 continentis.
568 4622 611 4695 ln
631 4622 784 4719 singulis
809 4621 972 4697 formulis
998 4621 1224 4698 diversitatis
1250 4621 1425 4721 ponderis
1450 4646 1510 4695 ra·

153 4747 203 4818 tio
230 4743 355 4818 haberi
382 4765 452 4826 non
479 4755 647 4844 poterat,
672 4749 756 4844 quia
782 4744 853 4823 boo
874 4745 1052 4824 caleulum
1071 4747 1336 4821 minutissimum
1358 4747 1511 4842 exegis-
