3559 5400
41 1944 50 2039 pt

527 1407 1134 1538 Pnnmnnnlo.

681 1775 962 1790 meu—...-

163 2064 169 2075 ·
246 2006 322 2109 De
354 2025 652 2126 Pharmacopoea
682 2028 881 2104 universali
914 2027 1144 2127 praefaturus
1177 2036 1263 2102 ants
1297 2030 1413 2100 onnia
1449 2024 1506 2099 hi-

150 2152 299 2225 storinm
324 2149 433 2249 hnjns
456 2150 561 2224 hiltri
584 2154 711 2250 paucis
736 2149 938 2226 absolvam.

249 2268 441 2371 Philippus
470 2268 690 2346 [murentins
724 2272 888 2371 Geiger,
931 2287 1039 2348 natos
1072 2272 1311 2348 Freinshemii
1350 2270 1411 2345 die
1444 2272 1505 2343 80.

151 2398 283 2470 mensis
308 2395 468 2494 Augusti
493 2418 588 2470 anno
616 2399 729 2488 1⁷86,
764 2407 880 2472 morte
914 2404 1145 2496 praematura
1179 2398 1302 2470 amicis
1327 2404 1367 2469 et
1390 2395 1507 2470 literis

152 2517 325 2617 abreptos
351 2516 411 2593 die
438 2522 495 2592 to.
515 2518 683 2592 Jannarii
702 2544 760 2593 an.
784 2523 897 2610 tent,
919 2522 996 2618 jam
1021 2517 1154 2592 dudum
1176 2520 1362 2593 consilinm
1383 2516 1506 2592 Phor·

155 2660 373 2741 nnoopoene
399 2642 618 2718 universalis
643 2641 691 2717 ad
717 2665 849 2719 novam
874 2645 1051 2718 rationem
1077 2639 1364 2717 conscribendae
1386 2650 1506 2716 mente

38 2755 39 2760 ’
152 2785 221 2837 ena
241 2768 422 2864 concepit
471 2766 526 2839 At
546 2769 686 2842 interim
710 2767 900 2841 consilinm
924 2787 1145 2864 supremum,
1172 2761 1271 2860 qnod
1295 2763 1405 2839 rebus
1429 2787 1507 2838 me·

41 2985 46 2990 Ι
152 2882 306 2961 dicis·in
330 2890 469 2987 Magno
494 2889 640 2966 Ducatn
665 2888 826 2965 Bodensi
850 2885 1084 2964 moderandis
1108 2895 1277 2987 praeest,
1304 2909 1383 2961 cnm
1409 2884 1506 2986 apnd

151 3029 237 3086 sone
261 3015 531 3106 constituisset,
567 3012 900 3113 Plrermacopoeam
924 3010 1132 3086 Badensem
1155 3009 1412 3086 elaborandam
1438 3031 1505 3086 cn·

150 3153 259 3227 rnre,
296 3137 460 3234 Geigero
491 3140 676 3233 negotium
708 3140 905 3230 commisit,
943 3145 984 3210 nt
1014 3138 1145 3235 primas
1179 3134 1295 3208 lineas
1329 3131 1378 3207 ad
1413 3157 1506 3233 opns

152 3260 308 3354 propriis
330 3258 489 3331 lrnmeris
512 3258 779 3356 suscipiendum
803 3258 968 3335 duceret
1019 3256 1081 3331 Ad
1105 3256 1204 3354 qilod
1228 3261 1313 3333 cunr
1332 3253 1506 3354 occingess

153 3386 273 3470 retur,
306 3377 419 3454 facile
443 3379 644 3472 intellexit,
670 3377 708 3456 id
733 3381 831 3480 qnod
855 3385 1079 3481 potissimum
1099 3388 1313 3480 exoptaret,
1339 3402 1418 3454 cum
1444 3378 1503 3454 os·

150 3499 235 3576 ficio
264 3501 332 3576 sibi
366 3506 534 3602 imposito
567 3527 677 3605 posse
709 3508 906 3607 conjungi,
944 3515 983 3583 et
1007 3504 1179 3604 Collegio
1211 3505 1264 3579 illi
1296 3508 1505 3604 proposuit,

150 3624 485 3727 Phormacopoeonr
511 3627 715 3707 Badermem
747 3635 798 3707 ita
825 3654 906 3707 cum
931 3631 1139 3708 Univeroeli
1174 3634 1428 3719 commiscere,
1467 3639 1507 3704 ot

152 3748 353 3843 Badcnsis,
386 3756 486 3851 typis
516 3755 715 3855 majoribus
747 3759 919 3853 insignis,
954 3764 1122 3853 tanquam
1147 3754 1243 3858 lilnm
1268 3755 1413 3829 rubrum
1439 3779 1505 3855 per

151 3880 264 3947 totnm
287 3872 448 3949 ordinem
468 3875 735 3974 alphabeticum
755 3876 1078 3977 Plnormaoopoeae
1097 3878 1317 3952 universalis
1337 3889 1506 3978 pertexta
1595 3897 1598 3904 “

150 4007 280 4096 posset
311 3995 490 4098 dignosci.
535 4002 736 4080 Consilium
770 4025 974 4101 supremum
1004 4006 1151 4090 annuit,
1190 3999 1228 4074 id
1263 4007 1400 4075 tantum
1437 3999 1506 4075 sibi

152 4125 323 4221 sumpsit,
359 4133 410 4198 nt·
425 4124 606 4223 quidquid
621 4123 671 4200 sd
693 4123 1029 4225 Pharmacopoeam
1053 4123 1258 4199 Badensenr
1280 4128 1505 4225 pertineret,

153 4246 406 4343 comprobaret
430 4250 495 4326 vel
517 4249 762 4349 improbaret,
805 4271 876 4348 qno
903 4246 1042 4346 quidem
1064 4251 1162 4347 jore·
1175 4273 1352 4347 nunqnam
1377 4252 1413 4322 in
1438 4271 1507 4349 pa·

153 4368 248 4462 ginis
263 4372 455 4469 impressis
478 4372 714 4474 inspiciendis
738 4399 840 4451 neum
866 4385 936 4450 est.
988 4373 1173 4472 Geigerus
1198 4375 1309 4470 igitur
1334 4371 1506 4447 alacriter

151 4509 246 4587 opus
271 4514 469 4589 aggressos
488 4505 629 4597 partem
650 4500 797 4596 primam
818 4498 997 4590 obsolvit,
1020 4495 1214 4575 secundnm
1236 4495 1418 4592 usquead
1440 4520 1507 4595 pn-

150 4614 271 4710 ginnm
297 4618 366 4688 tet
394 4617 590 4716 produxit,
617 4643 721 4720 qnnrn
747 4623 874 4699 morbo
896 4624 1170 4698 inflammatorio
1196 4622 1358 4719 pectoris
1382 4623 1510 4714 gravi-

149 4743 208 4810 ter
232 4744 393 4813 tentatus
418 4738 502 4840 die,
539 4768 611 4843 qno
636 4745 735 4840 dixi,
770 4749 921 4821 animant
953 4745 1098 4821 efflavit
1124 4753 1162 4816 et
1188 4767 1281 4842 opus
1296 4741 1509 4817 ‘inchoatum
