3559 5400
263 346 303 396 Vl

264 553 303 619 et
328 545 495 622 Calomel
528 554 566 620 et
591 546 812 622 Mercurium
843 546 1068 623 sublimatum
1101 547 1327 620 corrosivam
1360 544 1518 634 indicat,
1555 561 1619 615 se·

263 666 417 742 cundum
449 671 652 767 opinionem
684 666 787 766 qnam
817 670 970 766 quisque
1005 676 1133 744 auctor
1159 666 1206 742 de
1232 670 1418 762 utriusque
1444 666 1618 738 mixtione

262 790 436 866 hahuerit.
487 792 530 866 ld
555 790 690 867 accidit
715 792 916 866 nominihus
941 816 1033 891 pure
1059 791 1239 868 chemicis.
1295 791 1448 864 Mutatis
1473 790 1617 887 opinio·

262 914 366 989 uihus
391 912 440 989 de
465 937 657 1014 corporum
682 918 855 990 mixtione
880 914 1051 990 mutanda
1074 923 1180 1006 suut,
1206 908 1493 989 terminationem
1517 913 1617 985 simi-

261 1036 412 1112 litudine
438 1036 580 1111 facilins
604 1046 862 1136 permutantur.

359 1163 478 1236 Multa
502 1166 644 1245 uomina
662 1167 819 1262 antiqua
843 1162 948 1237 simili
973 1166 1216 1239 concinnitate
1242 1158 1424 1257 gaudent,
1458 1154 1616 1254 exempli

259 1289 379 1382 gratia
411 1285 568 1361 Kermes
602 1285 793 1371 minerale,
839 1283 1002 1384 Sulphur
1035 1292 1197 1359 auratum
1227 1282 1445 1371 Autimouii,
1487 1279 1618 1377 Hepar

261 1408 654 1508 Sulphuris,si1nilia..
689 1406 863 1499 Kermes,
890 1406 988 1505 quod
1014 1406 1185 1507 Oxydum
1204 1406 1403 1480 Antimouii
1429 1426 1501 1478 non
1526 1426 1618 1479 con-

260 1532 371 1618 tinet,
399 1528 692 1604 medicamentum
719 1533 862 1603 omrrino
888 1552 961 1604 nou
981 1541 1051 1605 est
1101 1531 1177 1604 Alii
1199 1528 1370 1630 Oxydum
1388 1532 1527 1617 inesse,
1553 1526 1617 1600 alii

259 1649 393 1726 deesse
413 1653 621 1727 voluerunt.
658 1652 761 1751 Ergo
782 1656 925 1727 uomina
946 1656 1136 1751 opiniones
1156 1655 1259 1750 sequi
1279 1651 1474 1727 debebant.
1504 1645 1616 1724 'Cor-

128 1800 131 1805 ’
260 1795 351 1870 pora
376 1774 638 1849 recentioribus
664 1775 887 1872 temporibus
919 1777 954 1847 in
987 1779 1171 1882 materiam
1202 1775 1377 1851 medicam
1408 1771 1616 1848 introducta

259 1898 457 1970 nonriuihus
488 1895 657 1972 chemicis
689 1900 779 1970 satis
810 1898 905 1972 hene
937 1896 1179 1991 denotantur,
1219 1900 1316 1973 sient
1340 1897 1487 1971 Kalium
1511 1893 1617 1968 ioda·

259 2033 354 2110 turu,
394 2015 582 2093 Chiuinum
608 2021 870 2119 sulphuricum3
910 2045 981 2095 nou
1015 2025 1108 2096 enirn
1133 2024 1277 2096 uomina
1301 2021 1462 2111 trivialia
1487 2027 1616 2093 exsta·

261 2141 370 2232 baut,
415 2143 476 2217 vel
510 2142 621 2218 facile
655 2146 790 2240 corrigi
823 2153 1040 2242 potueruut,
1077 2153 1116 2219 ut
1146 2148 1197 2217 in
1213 2143 1302 2218 Kali
1333 2140 1614 2241 hydroiodinim

259 2263 392 2339 factum
417 2273 488 2339 est.
537 2262 630 2339 Cum
656 2267 764 2360 igitur
789 2262 837 2339 de
862 2268 1040 2366 principio
1065 2291 1145 2342 cum
1166 2267 1331 2364 Geigeru
1356 2268 1614 2355 consentirem,

258 2396 297 2463 ut
322 2389 483 2462 varietas
508 2391 731 2475 evitaretur,
757 2412 843 2463 eum
863 2412 943 2463 cum
967 2412 1083 2486 grano
1107 2390 1204 2485 salis·
1223 2400 1371 2466 secutus
1392 2414 1481 2463 sum.
1530 2388 1617 2463 No-
1695 2438 1698 2443 -

260 2534 342 2585 meu
375 2512 575 2609 principale
600 2535 804 2611 synonyma
828 2515 1064 2608 insequuntur
1089 2522 1256 2615 quantum
1280 2514 1360 2588 heri
1389 2525 1514 2614 potest
1537 2538 1615 2589 om·

260 2635 338 2723 niu,
377 2642 415 2710 ct
440 2638 475 2708 iu
500 2632 620 2711 iudice
645 2636 832 2734 leguntur,
868 2645 926 2728 nt,
959 2635 1055 2735 quod
1083 2640 1117 2712 iu
1143 2637 1443 2739 Pharmacopoea
1466 2644 1617 2716 uuiver-

259 2756 328 2830 sali
354 2761 551 2858 praecipue
575 2758 812 2857 spectandum
834 2769 935 2852 erat,
963 2762 1080 2834 omnia
1100 2761 1262 2857 quolibet
1282 2768 1423 2839 nomine
1443 2768 1615 2839 messiae

259 2882 499 2976 reperiantur.
559 2880 734 2978 Sequitur
764 2885 998 2982 praeparatio
1024 2886 1115 2957 satis
1139 2895 1312 2960 accurate
1338 2886 1543 2985 descripta,
1576 2899 1616 2961 ut

195 3055 204 3072 ,
258 3000 307 3076 ad
330 3006 414 3102 ejus
435 2991 601 3100 vregulam
627 3011 744 3106 possit
769 3009 964 3083 elaborari.
1025 3007 1124 3084 Stilo
1158 3010 1311 3109 simplici
1329 3032 1389 3084 ac
1415 3009 1615 3103 breviati,

259 3124 601 3223 comprehensiones
634 3131 822 3229 longiores
856 3132 1163 3232 complicatasque
1194 3142 1232 3208 et
1264 3136 1525 3231 expressiones
1550 3138 1616 3207 im·

259 3252 426 3346 proprias
462 3273 509 3325 ac
544 3256 710 3350 poeticas
748 3258 892 3331 evitare
930 3256 1010 3330 mihi
1049 3259 1236 3355 proposui.
1308 3255 1617 3355 praeparationes

259 3371 398 3447 claudit
422 3377 548 3450 mixtio
574 3377 735 3454 chemica
759 3391 799 3455 et
823 3383 892 3455 vis.
943 3382 1077 3455 Mixtio
1099 3381 1261 3458 chemim
1282 3378 1504 3478 ponderibus
1521 3381 1618 3470 mix-

261 3498 369 3570 tionis
394 3496 558 3574 Berzelii
582 3500 770 3594 delinitur,
807 3508 868 3579 vis
902 3504 1114 3603 plerumque
1147 3526 1219 3576 unu
1252 3504 1318 3576 vel
1349 3502 1466 3576 altero
1501 3504 1618 3577 verbo

260 3618 451 3697 iudicatur.
514 3624 600 3701 Hoc
631 3636 668 3703 et
699 3651 1009 3727 supervacaneum
1035 3651 1118 3701 esse
1144 3625 1241 3700 duco
1269 3629 1303 3698 iu
1330 3624 1618 3722 pharmacopoea

262 3754 302 3817 et
326 3749 453 3844 paucis
476 3748 602 3823 verbis
627 3751 705 3826 heri
732 3775 802 3826 non
828 3773 950 3850 posse.
1003 3747 1093 3839 Quis
1114 3755 1205 3824 enim
1231 3752 1304 3824 vim
1327 3748 1429 3848 Opii,
1456 3747 1617 3839 Chinae,

259 3866 445 3956 Calomel,
473 3871 554 3946 lodi
581 3877 705 3972 paucis
734 3874 860 3951 verbis
885 3875 1158 3951 circumscribat
1183 3882 1222 3948 et
1246 3876 1305 3948 cui
1331 3871 1455 3947 bono?
1515 3869 1619 3947 Corr-

260 3996 450 4087 gruentiae
479 4018 590 4070 cansa
623 3997 778 4074 eundem
812 3997 951 4073 modum
984 4009 1134 4072 secutus
1158 4022 1235 4070 sum
1260 4009 1299 4072 et
1325 4020 1380 4071 me
1406 4003 1619 4070 excusatum

260 4115 363 4190 abire
397 4118 498 4194 volo.
562 4120 885 4220 praeparationem
918 4124 1077 4219 excipit,
1114 4123 1212 4219 typis
1246 4121 1369 4217 paullo
1403 4117 1618 4205 minorihus,

260 4237 459 4338 descriptio
484 4242 688 4338 qualitatis,
722 4242 997 4342 depravationis
1022 4248 1176 4342 ejusque
1202 4241 1441 4330 delectionis,
1466 4241 1620 4340 „pondus

259 4365 476 4464 specificam.
537 4367 629 4441 Tum
663 4372 827 4467 sequitur
861 4393 948 4440 usus
979 4370 1106 4466 paucis
1141 4388 1283 4463 qnoque
1308 4363 1435 4438 vcrhis
1449 4371 1618 4438 notatus.

260 4489 343 4566 ilac
367 4489 415 4567 de
441 4514 483 4566 re
508 4490 603 4567 idern
628 4490 749 4577 valet,
776 4489 873 4589 quod
900 4485 947 4562 de
971 4492 1011 4563 vi
1036 4486 1169 4562 dictum
1195 4494 1263 4560 cst.
1312 4485 1460 4582 Agmeu
1481 4485 1620 4560 claudit

259 4634 460 4687 oouserrsus
483 4622 521 4689 et
546 4611 793 4710 discrepantia
814 4607 989 4686 Codicum
1017 4610 1066 4685 dc
1086 4610 1267 4696 lounulis,
1294 4607 1537 4709 praeparandi
1559 4635 1621 4683 ra·

258 4737 376 4812 tiones
397 4748 437 4828 et
465 4734 803 4811 animadversiones
832 4736 1018 4834 practicae
1048 4737 1083 4807 iu
1113 4734 1328 4832 corporibus
1359 4732 1549 4822 chemicis,
1583 4737 1621 4807 iu
