3559 5400
255 346 296 397 Vl

257 555 296 621 et
321 546 488 624 Galomei
521 555 559 621 et
584 547 805 623 Mercurium
836 547 1060 622 sublimatum
1094 548 1320 621 corrosivum
1353 545 1511 633 iudicat,
1547 561 1610 615 se-

256 667 409 743 cundum
442 673 645 768 opinionem
677 666 780 767 quam
810 671 963 767 quisque
997 679 1127 744 auctor
1152 666 1200 742 de
1224 671 1410 762 utriusque
1437 665 1609 737 mixtione

254 792 429 867 labuerit.
480 792 523 866 ld
548 792 683 868 accidit
707 792 909 867 nominibus
934 816 1026 893 pure
1051 792 1231 868 chemicis.
1288 791 1441 864 Mutatis
1466 789 1609 887 opinio-

254 916 359 990 nibus
384 914 433 990 de
458 938 650 1016 corporum
675 919 848 991 mixtione
873 916 1172 1006 mutandarum,
1199 908 1486 989 terminationum
1508 913 1610 985 sirni-

254 1036 406 1113 litudine
431 1037 573 1113 facilius
597 1048 855 1138 permutantur.

319 1198 322 1203 ¹
352 1164 470 1239 Multa
496 1167 637 1246 nomina
655 1168 812 1262 antiqua
836 1162 941 1238 simili
966 1166 1209 1238 concinnitate
1234 1158 1417 1258 gaudent,
1450 1154 1609 1254 exeutpli

252 1290 373 1384 gratia
392 1286 561 1362 ·Kermes
595 1286 786 1373 minerale,
831 1284 994 1385 Sulphur
1028 1292 1190 1358 auratum
1219 1282 1437 1371 Antimonii,
1480 1280 1610 1377 Hepar

254 1408 467 1508 Sulphuris,
493 1410 647 1482 similia..
682 1406 855 1500 Kermes,
883 1407 981 1506 quod
1007 1406 1178 1507 Oxydum
1197 1407 1396 1481 Antimonii
1421 1426 1494 1478 uon
1518 1426 1610 1479 con·

253 1532 364 1619 tinet,
392 1530 685 1606 medicamentum
712 1533 855 1604 omrdno
881 1542 1044 1605 nonest
1093 1531 1170 1605 Alii
1192 1528 1362 1630 Oxydnm
1381 1532 1520 1617 inesse,
1545 1525 1609 1600 alii

252 1650 386 1728 deesse
407 1654 613 1728 voluerunt.
651 1653 755 1751 Ergo
775 1657 918 1728 nomina
939 1657 1130 1752 opiniones
1149 1656 1252 1751 sequi
1272 1650 1467 1727 debebant
1488 1645 1609 1724 ''Cor-

121 1801 124 1805 ·
252 1796 343 1871 pora
369 1775 632 1850 recentioribus
658 1776 880 1873 temporibus
912 1779 947 1849 in
980 1780 1164 1883 materiam
1195 1775 1369 1851 medicam
1401 1771 1609 1848 introducta

252 1898 450 1972 nonrinibus
481 1898 650 1973 chemicis
682 1901 772 1971 satis
804 1900 898 1973 bene
931 1898 1172 1991 denotantur,
1212 1901 1309 1974 sicut
1333 1897 1479 1971 Kelium
1503 1893 1610 1969 iuda·

253 2035 347 2110 turn,
386 2016 576 2094 Chininnrn
600 2021 864 2121 sulphuricum3
903 2046 973 2096 nou
1008 2025 1101 2097 enim
1126 2025 1269 2095 nomina
1294 2021 1454 2113 trivialia
1479 2027 1609 2095 exsta·

254 2142 363 2233 bant,
408 2144 469 2219 vel
503 2143 614 2219 facile
647 2147 783 2242 corrigi
816 2152 1046 2243 putuerunt,
1070 2154 1109 2220 ut
1139 2144 1295 2218 inKali
1326 2140 1607 2242 hydroiodinico

252 2264 385 2340 lactum
410 2274 481 2340 est.
530 2263 624 2340 Cum
648 2268 757 2360 igitur
781 2263 830 2340 de
855 2269 1033 2366 principio
1058 2290 1138 2342 cum
1159 2268 1324 2364 Geigero
1349 2267 1607 2354 consentirem,

251 2398 290 2464 ut
314 2391 476 2463 varinus
502 2392 724 2477 evitaretur,
750 2412 837 2464 eum·
856 2413 936 2465 cum
960 2413 1075 2487 gano
1100 2391 1197 2485 salis·
1216 2400 1364 2465 secutus
1385 2414 1473 2467 sum.
1522 2389 1610 2463 No·
1691 2438 1694 2443 -

253 2534 335 2586 men
368 2513 569 2610 principale
593 2535 797 2612 synonyma
822 2516 1057 2608 insequuntur
1082 2522 1248 2610 quantum
1273 2514 1353 2589 fieri
1381 2525 1506 2614 potest
1529 2538 1608 2589 om·

253 2636 331 2724 nia,
370 2643 409 2710 et
433 2638 469 2709 in
493 2634 613 2712 indice
638 2637 825 2735 leguntur,
860 2647 919 2728 ut,
952 2635 1049 2736 quod
1076 2641 1110 2712 in
1136 2638 1436 2739 Pharmacopoea
1459 2644 1610 2717 univer·
1758 2641 1759 2648 '

252 2758 321 2832 sali
347 2761 544 2858 praecipue
568 2759 805 2859 spectandum
827 2769 928 2852 erat,
956 2763 1073 2833 omnia
1093 2761 1255 2857 quolibet
1276 2768 1415 2838 nomine
1436 2768 1608 2839 citissime

252 2882 492 2977 reperiantur.
552 2881 727 2979 Sequitur
756 2885 991 2981 praeparatio
1017 2886 1108 2956 satis
1132 2894 1305 2960 accurate
1331 2885 1535 2986 descripta,
1569 2898 1608 2961 ut

188 3055 197 3074 ,
251 3002 300 3078 ad
323 3007 408 3103 eius
434 3005 596 3102 reguiam
621 3011 738 3106 possit
762 3008 957 3083 elaborari.
1018 3007 1117 3083 Stilo
1151 3010 1304 3109 simplici
1322 3032 1382 3084 »sc
1408 3008 1512 3085 brevi
1538 3015 1608 3104 uti,

253 3125 595 3224 comprehensiones
628 3131 816 3228 longiores
850 3132 1156 3231 complicatasque
1186 3140 1226 3207 et
1257 3136 1518 3231 expressiones
1543 3138 1609 3208 im·

252 3253 419 3348 proprias
456 3274 502 3326 ae
537 3255 704 3352 poeticas
741 3256 885 3330 evitare
923 3255 1003 3329 milri
1042 3259 1229 3355 proposui.
1300 3255 1610 3354 praeparationes

252 3373 391 3448 claudit
415 3377 542 3450 mixtio
567 3377 729 3454 chemica
753 3389 792 3455 et
816 3383 886 3456 vis.
936 3380 1070 3454 Mixtio
1092 3380 1254 3456 menica
1274 3377 1496 3477 ponderibus
1515 3382 1611 3453 mix·

253 3500 363 3571 donis
386 3496 550 3574 Berzelii
575 3500 763 3592 delinitur,
801 3506 861 3579 vis
895 3503 1107 3600 plerumque
1140 3524 1212 3575 uno
1246 3501 1309 3575 vel
1341 3503 1459 3574 altero
1494 3502 1611 3576 verbo

254 3620 445 3697 indicatur.
509 3622 593 3699 Hoc
624 3636 662 3699 et
693 3648 1003 3725 supervacaneum
1028 3648 1111 3699 esse
1138 3622 1234 3698 duco
1263 3627 1296 3695 in
1322 3622 1611 3721 pharmacopoca

255 3754 295 3818 et
320 3747 447 3844 paucis
469 3746 596 3820 verbis
620 3746 699 3822 lieri
726 3770 796 3821 nun
821 3769 944 3845 posse.
996 3745 1086 3835 Quis
1107 3752 1199 3820 enirn
1223 3750 1297 3821 viru
1320 3746 1422 3845 Opii,
1448 3744 1610 3838 Ultimae,

252 3866 439 3954 Galomel,
467 3867 548 3943 lodi
574 3873 699 3967 paucis
728 3871 855 3946 verbis
879 3872 1151 3947 circumscribat
1176 3880 1215 3945 et
1239 3874 1298 3945 cui
1324 3869 1447 3946 bono?
1508 3867 1611 3946 Con-

254 3994 443 4087 gruentiae
473 4015 585 4066 causa
617 3992 772 4069 eundem
805 3991 945 4068 modum
978 4005 1127 4068 secutus
1151 4020 1228 4068 sum
1253 4005 1292 4070 et
1318 4018 1373 4069 me
1398 4002 1612 4069 excusatum
1759 4049 1761 4072 ς

254 4113 357 4189 abire
391 4115 492 4192 vulo.
555 4115 879 4214 praeparationem
912 4119 1070 4215 excipit,
1107 4120 1205 4216 typis
1238 4119 1362 4215 paullo
1396 4118 1611 4205 minoribus,

253 4237 453 4335 descriptio
478 4239 681 4334 qualitatis,
715 4238 991 4338 depravationis
1016 4245 1169 4339 ejusque
1194 4240 1434 4330 detectionis‚
1459 4241 1612 4341 ,pondus

252 4363 470 4464 specificum.
530 4364 623 4438 Tum
657 4368 820 4463 sequitur
854 4389 942 4437 usrrs
973 4368 1100 4465 paucis
1134 4387 1276 4462 quoque
1301 4363 1610 4438 verbis-notatus.

253 4488 337 4564 llsc
361 4488 476 4564 dc‘re
503 4488 596 4565 idem
621 4487 743 4578 valet,
770 4486 866 4586 quod
893 4485 940 4560 dc
966 4490 1004 4561 vi
1029 4485 1162 4561 dictum
1188 4494 1256 4559 est
1305 4485 1452 4582 Agmen
1474 4486 1612 4561 clandit

252 4634 453 4687 consennrs
476 4620 515 4687 et
539 4609 786 4710 discrepantia
807 4605 983 4686 Codicum
1010 4609 1058 4685 de
1079 4609 1260 4697 tunnulis,
1287 4607 1529 4709 praeparandi
1552 4635 1614 4684 ra-

251 4738 370 4812 tiones
390 4745 430 4828 ¹et
458 4733 796 4811 animadversiones
825 4736 1012 4833 practicae
1041 4736 1076 4807 in
1107 4733 1321 4832 corporibus
1352 4732 1541 4820 cherres,
1576 4735 1613 4808 iu
