3559 5400
305 321 375 397 aa
392 317 647 394 aracaeus
674 322 809 397 nana
859 364 919 385 -.
948 320 1221 400 ‚strenuam
1248 286 1622 394 virnramoauu

302 489 368 579 het
383 487 698 582 membranaceas,
724 490 1019 583 crassiusculas,
1046 488 1520 577 sulrrrticulatimlaceras,
1546 486 1648 558 loiris

302 588 588 687 inaequalibus,
610 591 715 692 apice
735 590 996 681 denticulatis,
1024 590 1150 663 colore
1175 588 1272 662 laete
1292 586 1650 663 cinnamomco-fla-

304 700 482 761 vescente
508 687 613 783 (dum
630 716 772 781 recens,
799 693 1025 790 purpureo),
1046 689 1110 790 pin
1166 687 1380 779 enitentes,
1407 683 1653 760 consistentia

305 785 560 878 subcoriacea,
585 788 655 862 sed
682 815 815 889 parum
843 787 990 861 flexiles
1021 716 1266 887 fragilisque
1308 788 1421 861 odore
1446 785 1647 884 fragrante,

306 901 411 1056 gpate
430 885 632 960 aromatico
654 903 691 960 et
717 913 853 989 sapore
873 887 1091 961 aromatico.
1123 931 1174 944 -
1208 891 1324 962 Part.
1348 896 1473 961 const.
1490 908 1649 982 praem:

180 1086 185 1093 .
359 1011 443 1157 ciffis
462 983 679 1060 aethereum
707 1004 744 1061 et
765 1013 917 1089 pmgue.
933 1029 985 1044 ·-
1023 985 1123 1063 Via:
1152 986 1337 1079 excitans,
1366 984 1544 1077 ucrriua,
1569 997 1653 1058 sto-
1747 1004 1773 1093 J

305 1110 388 1158 tuac
433 1109 488 1159 ca.

389 1204 442 1272 Sit
458 1207 547 1272 laete
578 1204 803 1288 lusco-flava,
837 1210 894 1275 vel
921 1207 1133 1287 aurantiaca,
1169 1206 1319 1273 maxime
1344 1204 1549 1276 aromatica:
1580 1224 1649 1270 non

307 1301 419 1354 autem
441 1289 585 1354 obscure
601 1294 708 1372 fusca,
730 1304 920 1378 corrugata,
934 1313 1053 1379 parum
1074 1291 1267 1370 aromatica,
1285 1313 1372 1376 quae
1399 1286 1597 1368 rejicienda.

394 1398 503 1461 Usus:
524 1395 565 1461 In
582 1396 721 1481 pulvere
742 1419 832 1464 raro.
847 1434 892 1450 --
926 1399 1074 1483 Prisco:
1104 1397 1228 1464 Oleum
1251 1396 1457 1475 aethereum,
1473 1393 1651 1473 Tinctum,

348 1476 514 1567 Syrupus.
536 1515 578 1526 -
608 1476 758 1545 Additur
771 1479 927 1570 pluribus
947 1501 1084 1569 quoque
1105 1477 1408 1569 compositionibus
1426 1474 1629 1543 aromaticis.

309 1736 313 1743 .
366 1610 670 1698 MAGNESIA
696 1613 1069 1812 ALBAWQBtplsst
1099 1612 1313 1729 Magntfia
1371 1613 1595 1725 Magneaie

958 1760 1011 1814 oc
1041 1761 1074 1812 e.

376 1868 488 1938 Syrou.-
518 1864 662 1937 Magnesia
682 1866 832 1921 carbonica
849 1882 899 1921 seu
916 1866 1126 1933 mbearbonica,
1145 1867 1226 1933 mitis,
1246 1865 1348 1931 dulcis,
1368 1864 1510 1920 Carbonas
1531 1863 1651 1935 Magne·

307 1935 364 1990 siaa
382 1952 431 1990 sau
447 1936 631 2007 magnericus,
650 1935 870 1990 Protocarbonas
889 1936 936 1990 Ma
976 1936 1065 2002 asiae,
1084 1937 1127 2009 ny
1148 1938 1300 1992 ocarhonas
1318 1936 1348 1989 M
1386 1933 1475 1988 nesiae
1494 1951 1556 1986 cum
1575 1938 1652 2010 Aqua

308 2015 336 2059 et
351 2005 486 2076 Hydrata,
503 2003 644 2076 Magnesia
661 2003 729 2058 Salis
747 2005 844 2073 amari,
863 2022 912 2058 seu
950 2004 1109 2073 adliceusis,
1127 1956 1315 2078 lipsomeusis,
1374 2002 1484 2081 agnesia
1507 2000 1651 2054 muriatica

308 2071 436 2145 (irrepta),
455 2073 543 2126 Terra
559 2089 653 2127 amara
668 2080 768 2141 aerata,
787 2076 888 2131 tolcosa
913 2074 1161 2146 oxyantlrracodes,
1181 2092 1228 2129 ssu
1246 2073 1401 2128 absorbens
1416 2072 1574 2139 mmeralis,
1593 2072 1651 2123 Lac

307 2154 407 2198 terrm.
443 2142 614 2212 Rotttrrtoarr
632 2146 766 2213 Macarta
786 2147 844 2201 eber
862 2142 1021 2212 vtaetettt,
1054 2142 1113 2200 ctu
1130 2144 1257 2202 ssuttcttc.

407 2237 565 2311 Paratur
581 2240 800 2352 plerumque
818 2236 859 2310 in
876 2238 1040 2312 officinis
1051 2239 1231 2313 chemicis
1249 2235 1571 2339 praecipitatione,
1589 2235 1651 2308 vel

308 2364 359 2411 ex
374 2337 497 2410 muria
517 2336 612 2411 salis
630 2336 853 2430 communis,
871 2338 1106 2440 Magnesiam
1122 2339 1357 2412 muriaticam
1370 2337 1433 2409 vel
1449 2333 1652 2435 sulphuri-

300 2461 391 2511 ram
410 2433 785 2527 connumerales
805 2436 992 2511 solutione
1005 2437 1106 2511 Salis
1119 2438 1248 2530 amari,
1260 2463 1346 2510 cum
1368 2453 1475 2509 uatro
1494 2432 1653 2508 velitati

307 2536 509 2611 carbouico
535 2534 655 2627 facta3
711 2536 897 2610 uomodo
928 2537 1038 2610 etiam
1063 2561 1085 2609 a
1109 2535 1407 2638 pharmacopolo
1425 2534 1508 2636 ipso
1524 2535 1653 2633 parari

306 2651 444 2738 potest.
468 2676 519 2691 -
543 2634 673 2709 Pulvis
684 2561 917 2730 levissimus,
944 2634 1175 2731 albissimus,
1195 2635 1465 2753 impalpabilis,
1488 2649 1650 2747 terreum

306 2737 529 2837 plerumque
556 2734 597 2808 iu
621 2736 847 2810 commercio
890 2752 1008 2812 restat
1034 2739 1286 2835 pressionem
1310 2735 1446 2809 massis
1464 2748 1650 2808 concretis

306 2835 564 2935 rectangulare
583 2764 936 2935 parallelepipedis,
955 2834 1173 2928 levissimis,
1186 2836 1293 2925 raris,
1308 2833 1538 2925 srialrilibus,
1551 2857 1647 2932 quae

306 2931 485 3007 facillime
516 2931 558 3004 in
578 2932 776 3033 pulverem
793 2932 920 3033 redigi
937 2950 1113 3036 possuut;
1148 2934 1334 3035 insipidus
1360 2947 1428 3025 est,
1455 2932 1648 3032 pigmenta

306 3031 496 3132 reageutia
514 3030 691 3104 alcalium
709 3030 824 3105 modo
844 3034 915 3105 vix
935 3035 1107 3125 alterans,
1124 3032 1164 3106 iu
1175 3058 1272 3133 aqua
1288 3032 1428 3133 exigua
1442 3046 1588 3105 tautum
1601 3057 1654 3106 ex

305 3146 413 3232 parte
433 3128 629 3224 solubilis,
652 3128 804 3206 facilius
830 3147 952 3206 autem
976 3133 1128 3234 inaqua
1151 3139 1275 3206 a'e’rata
1302 3135 1345 3228 (i.
1361 3157 1393 3205 e.
1423 3156 1522 3231 apsa
1539 3131 1648 3204 acido

306 3231 511 3305 carlrouico
528 3230 824 3344 impraegnata),
854 3230 917 3303 vel
937 3258 1034 3349 aqua
1055 3232 1228 3306 minerali
1255 3232 1405 3313 acidula
1442 3235 1495 3331 (p.
1509 3233 1584 3323 8.);
1611 3229 1652 3303 iu

307 3329 428 3404 acidis
450 3329 673 3404 sortionbus
700 3344 737 3402 et
757 3330 912 3500 <puidam
936 3350 1048 3407 etiam
1069 3332 1112 3405 iu
1133 3329 1244 3406 acido
1270 3328 1490 3432 sulphurico
1517 3329 1652 3422 diluto,

305 3428 404 3504 iuter
422 3426 744 3505 effervescentiam
783 3429 876 3503 acile
900 3430 1156 3524 dissolulrilis3
1188 3431 1282 3506 salia
1298 3431 1465 3505 formans
1483 3428 1656 3529 plerum-

307 3553 380 3626 que
399 3527 511 3601 lacile
535 3527 575 3602 iu
603 3552 698 3627 aqua
718 3526 917 3616 solubilia3
942 3556 1078 3632 sapore
1107 3555 1244 3605 amaro.
1273 3573 1324 3586 -
1362 3533 1476 3603 Part.
1504 3541 1654 3604 coust:

306 3626 500 3727 Magnesia
522 3625 721 3702 carbouica
738 3631 784 3719 3,
803 3641 840 3700 et
852 3627 1047 3730 Magnesia
1065 3627 1224 3728 hydrata
1244 3630 1264 3703 1
1275 3655 1313 3731 p.
1324 3628 1377 3703 M.
1393 3668 1444 3687 -
1464 3632 1505 3704 V
1501 3626 1558 3702 is:
1577 3628 1654 3700 ab·

306 3729 485 3818 sorbens,
505 3726 652 3799 laxans.

388 3822 441 3890 Sit
458 3820 647 3903 levissima,
663 3819 843 3903 albissima,
867 3819 1033 3912 insipida3
1054 3825 1218 3893 calcinate
1233 3849 1286 3892 ma
1312 3823 1438 3891 uesiaru
1460 3847 1580 3913 puram
1599 3824 1654 3888 al-

307 3902 478 3970 bissimam
494 3903 674 3993 relinquat,
690 3926 769 3968 curu
794 3927 882 3993 aqua
899 3930 983 3994 pura
1000 3922 1098 3974 cocta
1119 3908 1202 3974 salia
1229 3847 1372 3976 alctilina
1400 3907 1434 3972 ei
1459 3930 1503 3970 ue
1538 3908 1652 3986 cedat;

305 3985 341 4049 in
359 3986 458 4052 acido
480 3986 679 4075 sulphurico
703 3985 813 4052 diluto
834 3988 921 4054 iuter
934 3987 1224 4058 effervescentiam
1241 3996 1345 4081 plane
1359 3986 1576 4064 dissolubilis,
1590 4007 1654 4051 so-

305 4067 392 4133 lutio
410 4070 497 4133 clara
509 4068 774 4134 nerrtralisatane
800 4092 841 4135 ue
853 4069 988 4158 liquore
1001 4072 1072 4139 kali
1086 4074 1316 4155 bicarbonico,
1330 4094 1442 4157 usque
1453 4067 1654 4134 acidooxa-

305 4150 376 4217 lico
395 4149 504 4216 diluto
521 4152 714 4227 commixta,
727 4093 890 4217 turletur.

434 4235 538 4297 tirus:
557 4232 596 4297 ln
606 4235 760 4320 pulvere,
774 4233 932 4301 mixturis
940 4257 1076 4324 quoque
1090 4235 1309 4317 admiscetur3
1330 4257 1408 4301 curu
1423 4230 1531 4298 acidis
1549 4252 1654 4318 prae-

346 4312 505 4380 scribitur
522 4328 558 4379 ut
571 4312 671 4380 Potio
688 4313 819 4380 Rirori.
836 4352 879 4367 -
914 4317 1067 4384 Additur
1087 4319 1162 4385 aliis
1183 4339 1320 4406 quoque
1339 4310 1651 4406 compositionibus.

304 4422 604 4511 MAGNESIA
632 4422 1087 4518 VlTRtARIORUM.
1140 4426 1389 4543 ffitauntiein,
1428 4428 1654 4541 Magneaie

910 4551 1041 4630 noire.
1092 4609 1095 4614 .

374 4677 483 4750 sysoius
500 4653 711 4763 Manganesium
729 4697 778 4736 seu
794 4680 965 4763 Mapgauum
983 4683 1135 4762 oxydatum·
1152 4677 1292 4747 nativum,
1314 4677 1487 4762 Magtresium
1504 4681 1651 4807 oppilatum

305 4763 354 4802 seu
370 4747 605 4820 hypcroaydatum
621 4760 746 4809 nautum
760 4767 810 4807 ssu
827 4769 956 4825 mgnum,
972 4753 1183 4825 Mangaucsrum
1200 4750 1368 4808 ochraccuru
1385 4768 1506 4834 nigrum,
1549 4751 1651 4824 xydum
