3559 5400
963 74 975 103 Ι
1018 98 1024 107 ,

429 329 890 420 xero-eotsmtust
920 384 971 400 -
996 343 1230 418 ztuztssutt
1430 343 1503 421 ass

221 512 495 569 arro-estalante,
509 516 629 570 Lignum
643 515 803 561 Balssmita
813 531 832 559 a.
861 511 1013 565 “‘attomtott
1043 514 1090 557 Hoc
1102 514 1188 558 nomine
1200 514 1287 556 Rantuli
1308 513 1506 559 Balsamoden·

165 571 211 615 dri
227 571 382 614 Gilsadsos
391 572 414 614 ts
436 572 469 623 (v.
478 574 566 615 liobam.
579 572 606 614 de
616 573 686 615 Merca
699 587 723 627 p.
735 583 779 624 20„
792 581 812 614 et
828 571 1012 621 carpobalsamum
1026 584 1048 627 p.
1056 570 1100 622 ιγ.)
1110 572 1284 625 adportsbsntur.
1310 570 1406 612 Fnistnla
1422 573 1507 615 exbibet

163 629 267 669 calamum
280 630 415 681 scriptorium
430 631 513 671 circiter
528 642 602 680 musa,
614 628 709 681 lignosa,
724 636 829 680 tortuosa,
849 637 936 671 exteros
948 638 1038 681 rugosa,
1058 627 1123 683 grisea
1141 628 1176 669 uel
1188 626 1320 681 mtssoentta,
1334 628 1429 680 fragilis,
1442 629 1507 672 odore

163 685 229 726 debili
242 686 448 741 bdsamioo,'pnmis
462 698 513 726 vero
525 687 608 738 interm,
618 684 712 740 fortiori,
725 694 784 737 grate
796 686 919 740 transarico,
928 692 950 725 st
962 686 1036 738 lapara
1048 684 1305 726 retnoso-bussmim-
1316 684 1373 725 Raro
1387 694 1456 727 utem
1470 699 1507 743 ge-

164 742 250 782 nuinum
265 742 287 780 in
301 740 392 782 officinis
406 743 512 793 prestabat
533 752 554 782 et
571 741 647 784 merito
661 748 759 795 tanquam
773 742 948 783 medicamentum
961 740 1090 794 superfluum
1104 739 1204 782 exolevit.

237 793 436 847 ZlBETHUM·
456 797 571 859 ,Sibrtln
609 796 715 846 Civem.
734 825 765 835 -
786 793 936 849 Oblinetut’
960 810 976 846 e
996 798 1107 847 Viverra
1126 794 1237 845 Zibetdu
1265 800 1293 844 cl
1319 798 1433 846 Viverra
1459 797 1507 847 Ci-

169 876 295 923 vena‚‚e
321 863 355 915 cl.
374 861 561 916 Mammalium
589 860 649 917 ord.
667 862 801 915 Ferarum
820 872 847 915 et
865 863 928 916 lam.
945 861 1211 932 sanguinariorum,
1236 861 1394 917 animalium
1425 862 1508 916 marti
1555 876 1556 881 ’

169 930 375 985 sub-similium.
395 931 442 984 sed
462 935 605 998 majorum,
625 948 743 1002 quorem
761 931 838 1004 prius
856 932 955 999 Asiam,
973 930 1111 996 Arabiam,
1129 929 1245 1001 Syriam,
1272 929 1374 983 lndiam
1392 931 1508 984 orienta-

170 999 501 1069 lemposteriusdlricsrn
518 1001 634 1053 medinm
652 997 794 1053 inhabitat.
814 1002 975 1054 secernitur
990 998 1021 1052 in
1040 998 1161 1056 folliculo
1179 998 1349 1071 glanduloso,
1361 1002 1439 1067 cujus
1454 1000 1509 1053 ori·

170 1066 258 1121 licium
278 1068 350 1122 inter
367 1086 450 1123 anum
469 1078 496 1121 st
513 1066 691 1142 genitalia‚et
709 1069 874 1140 exprimitur
890 1071 925 1123 ab
943 1068 1051 1122 animali
1070 1086 1147 1139 ipso,
1166 1071 1208 1121 rel
1228 1068 1379 1122 cochlearis
1397 1087 1445 1123 seu
1463 1087 1509 1124 nn·

169 1137 291 1210 riscalpii
310 1155 364 1210 ope
383 1137 520 1191 eximitur.
540 1169 573 1178 -
598 1137 719 1191 Materia
738 1139 834 1197 mollis.
852 1136 972 1210 pinguis,
992 1136 1124 1208 unguenti
1143 1138 1328 1205 consistentia,
1347 1137 1445 1201 albida,
1464 1137 1509 1191 ssa-

169 1225 293 1272 vcscsns,
313 1217 434 1278 tempore
458 1205 628 1260 lascescens.
652 1206 715 1278 pilis
735 1206 889 1260 tenerrimis
914 1207 975 1278 plus
992 1207 1082 1261 minus
1100 1205 1268 1270 intermixtas
1288 1206 1373 1259 odore
1391 1206 1509 1279 proprio

124 1286 127 1291 ·
169 1275 414 1348 penetrantissima,
434 1275 590 1347 llloschi(p.
603 1275 676 1337 183.)
694 1276 874 1341 subsimili,et
892 1293 918 1328 sa
941 1293 990 1329 ors
1008 1274 1134 1328 irritante
1150 1292 1293 1332 nauseoso.
1306 1276 1435 1347 adipem,
1453 1275 1509 1330 leni

131 1381 136 1385 -
170 1346 263 1399 calore
289 1344 342 1398 olei
366 1344 453 1397 instar
478 1344 619 1416 liquescit,
644 1345 736 1399 calore
761 1355 841 1399 aucto
868 1295 947 1398 sociis
972 1345 1106 1398 dammam
1132 1344 1252 1419 concipit
1277 1354 1304 1399 et
1320 1363 1383 1398 cum
1403 1346 1509 1400 llamma

91 1450 94 1454 ι
170 1414 326 1485 splendente
344 1413 518 1484 pinguedinis
535 1413 624 1466 instar
641 1413 830 1484 comburitur,
849 1413 1006 1477 insolubilis
1024 1413 1053 1466 in
1070 1429 1159 1484 aqna,
1178 1430 1260 1484 aegro
1278 1415 1401 1468 solubilis
1419 1415 1447 1469 in
1465 1416 1510 1469 al-

170 1484 268 1537 cnlsole
286 1481 342 1535 vini
361 1492 387 1535 et
405 1480 508 1551 partim
525 1491 633 1535 tanturn
649 1481 680 1537 in
697 1483 860 1535 aethere-
881 1488 956 1535 Part.
967 1496 1161 1551 const.praeo.:
1179 1482 1277 1537 Oleum
1291 1484 1508 1553 aethereumtl),

169 1553 257 1624 ddeps
276 1560 302 1603 et
319 1550 632 1613 Ammoniacum(l).—
653 1556 718 1604 Vis.-
740 1551 869 1607 oscitans.
888 1550 1123 1622 antispasmodica.
1143 1580 1176 1591 -
1205 1556 1289 1605 Usus:
1311 1553 1509 1609 insubstantia

170 1639 233 1677 curn
251 1620 382 1673 saccharo
409 1620 520 1687 tritum,
552 1618 690 1672 rarissime
714 1630 807 1674 autem
834 1621 943 1674 interne
961 1619 1124 1689 adhibetur,
1142 1620 1185 1673 vel
1203 1624 1321 1674 solutum
1340 1621 1369 1674 in
1386 1624 1510 1676 alcoltole

169 1688 277 1741 uini-
296 1688 452 1743 Addebatur
469 1688 535 1742 olirn
552 1689 676 1769 pluribus
694 1689 948 1762 compositionibus.
959 1721 990 1732 ·-
1004 1688 1093 1744 llodic
1111 1689 1202 1762 praeci
1222 1707 1258 1743 ns
1276 1689 1309 1742 ad
1329 1690 1510 1745 odoramenta

170 1756 331 1815 inservit-
349 1756 511 1837 Saepissime
529 1759 589 1811 abis
607 1758 730 1829 axungiis
748 1769 801 1814 cet.
809 1760 981 1813 adulteratur
997 1758 1041 1811 vel
1059 1758 1128 1811 adeo
1145 1708 1325 1813 nrtiicinliter
1340 1777 1372 1813 ex
1390 1760 1510 1827 mosclto,

169 1826 347 1899 pinguedine,
356 1827 453 1881 resinis
472 1836 499 1880 et
517 1827 583 1881 oleis
601 1827 757 1883 aromaticis
775 1828 962 1903 componitur,
977 1824 1052 1900 quod
1069 1824 1198 1909 adspectu
1216 1837 1242 1882 et
1259 1826 1346 1883 odore
1364 1828 1509 1901 detegitur.

549 1934 778 2043 alueum
835 1955 944 2073 gut
1004 1958 1124 2043 Zeno.

239 2108 352 2176 Syram:
367 2105 499 2165 stannum
517 2106 649 2164 indicunt.
685 2106 822 2174 &tinnitu
860 2109 1005 2178 Tutennge.

270 2209 474 2286 Obtiuetur
496 2212 536 2285 iu
557 2211 720 2287 officinis
742 2207 960 2288 metallariis
980 2233 999 2282 e
1020 2205 1131 2285 Zinci
1151 2206 1305 2282 mineris
1325 2209 1513 2286 sublima·

169 2307 272 2384 tione
295 2337 362 2384 seu
378 2311 641 2387 destillatione.
666 2354 718 2373 --
750 2309 947 2384 Metallum
970 2305 1281 2399 cinereo-album,
1300 2310 1514 2386 subcoeru.

169 2409 328 2500 lesccns,
352 2410 712 2509 splendidissimum,
727 2405 1282 2499 structura·radiato-soliacea,
1307 2408 1513 2482 mediocri-

169 2522 226 2580 ter
244 2508 391 2601 durtsm,
410 2534 560 2600 sonans,
576 2510 615 2581 in
634 2509 774 2609 frigore
787 2509 867 2581 'sub
887 2507 1011 2580 mallei
1021 2506 1159 2582 ictibus
1180 2531 1290 2608 aegre
1307 2507 1510 2601 dissiliens,

170 2606 360 2679 moderata
381 2623 503 2680 autern
521 2634 696 2708 pressura
717 2605 942 2697 subductile,
961 2633 999 2707 p.
1012 2631 1113 2705 spec.
1126 2605 1312 2698 6,8-7;
1334 2606 1407 2706 jam
1426 2621 1511 2680 ante

169 2706 505 2781 incandescentiam
528 2690 695 2782 funditur
714 2723 749 2788 et
768 2707 890 2779 calore
904 2704 1197 2779 albo-candente
1215 2706 1385 2799 volatile,
1399 2706 1450 2779 ita
1469 2722 1512 2781 ut

170 2806 351 2879 ‹lestillari
366 2822 411 2892 ¹et
435 2808 631 2880 sublimari
650 2805 784 2909 possit.
825 2806 865 2877 P.
882 2804 994 2879 Mixt.
1013 2803 1188 2896 403326.
1215 2804 1274 2877 Ex
1292 2810 1375 2878 a'e’ro
1399 2805 1510 2879 lacile

171 2907 400 3006 oxygonium
426 2907 591 2999 attrahit,
620 2932 800 3009 opacum,
821 2904 982 2976 obscure
1006 2901 1172 3003 griseum
1190 2905 1245 2996 lit,
1270 2903 1396 2978 calore
1416 2930 1511 2978 cau-

170 3005 279 3077 deute
298 3032 384 3080 cum
402 3006 549 3080 flamma
571 3008 790 3108 splendente
811 3002 1044 3078 comburitur
1061 3002 1152 3075 etin
1170 3001 1362 3101 Oxydunr,
1379 3004 1510 3079 Flores

170 3102 278 3173 Zinci
299 3107 352 3198 (v.
365 3130 453 3205 pars
469 3107 685 3206 posterior),
698 3102 942 3179 convertitur.
974 3102 1097 3175 Facile
1113 3101 1349 3194 dissolubilis
1368 3102 1406 3174 in
1427 3103 1509 3176 aoi-

170 3201 229 3272 dis
250 3200 483 3294 tortioribus,
504 3203 671 3302 saliaque
688 3204 855 3276 formans
875 3200 1062 3290 decolora,
1105 3201 1298 3300 lorumque
1315 3201 1506 3295 solubilia,

168 3325 302 3399 sapore
323 3301 470 3400 ingrato
486 3301 636 3395 acerbo,
654 3300 854 3389 nietallico,
876 3324 974 3397 quae
994 3227 1165 3372 alcaiium
1185 3300 1240 3372 uti
1260 3316 1297 3375 et
1316 3300 1413 3374 acidi
1431 3300 1508 3400 hy-

169 3397 398 3472 drothionici
424 3424 517 3500 ope,
541 3398 576 3473 si
586 3417 725 3475 neutra
738 3454 749 3494 ,
776 3398 904 3474 colore
931 3397 1017 3471 albo
1035 3399 1338 3500 praecipitantur.
1380 3403 1435 3474 De
1454 3400 1508 3477 Vi

168 3498 267 3573 cons.
288 3497 466 3597 Oxydnm
486 3513 524 3572 et
540 3498 655 3574 Salia.

248 3627 427 3705 Sitalbum,
460 3627 1002 3705 stillumcinereo-coerulesoens,
1024 3623 1059 3689 in
1071 3626 1191 3714 spiritu
1210 3628 1339 3697 vitrioli
1358 3629 1405 3694 uti
1421 3644 1455 3694 et
1469 3629 1506 3695 in

167 3730 254 3804 aqua
271 3711 352 3776 iorti
366 3653 467 3775 sociiis
483 3726 516 3777 et
532 3713 666 3800 penitus
682 3710 900 3791 dissolubile3
922 3708 1048 3780 solutio
1070 3709 1167 3774 acida
1183 3712 1283 3778 acido
1295 3714 1505 3802 hydrothio-
1526 3790 1528 3793 Α

166 3813 245 3857 nrco
263 3814 348 3873 non,
371 3791 495 3858 solutio
515 3809 633 3859 neutra
652 3808 763 3858 autem
784 3795 901 3858 colore
923 3789 1018 3869 albo,
1042 3790 1178 3855 minime
1200 3792 1289 3860 ssavo
1308 3797 1362 3860 vel
1383 3795 1504 3861 susco-

165 3872 263 3960 nigro
285 3874 539 3964 praecipitetur,
561 3890 594 3941 et
619 3875 750 3962 liquore
776 3874 846 3939 tati
867 3872 1246 3972 ferro-hydrocyanici
1275 3879 1392 3960 colore
1413 3879 1503 3958 albu,

165 3979 227 4044 per
241 3970 372 4046 tempus
388 3958 451 4021 vix
464 3956 499 4020 in
519 3959 807 4023 coerulescentem
821 3956 974 4036 obeunte,
997 3954 1244 4044 praecipitetur.
1287 3957 1430 4025 Zitronm
1447 3958 1504 4023 in-

75 4045 80 4054 '
166 4039 279 4104 dicum
295 4037 507 4128 purissimum
525 4053 670 4128 putatur.

292 4155 395 4220 Usus:
416 4152 627 4220 medicinalis
645 4177 706 4242 per
722 4175 759 4217 se
779 4156 905 4221 nullus.
926 4194 968 4207 -
999 4158 1143 4244 Panope
1166 4154 1284 4221 Floras
1303 4154 1413 4232 Zinci,
1437 4153 1503 4220 Vi·

205 4233 348 4332 triolum·
360 4235 470 4335 Zinci,
488 4236 633 4303 Zincum
648 4234 813 4301 arcticum
831 4251 866 4303 et
885 4236 1084 4328 cyanicums
1107 4252 1140 4303 et
1154 4238 1198 4303 ad
1212 4237 1277 4301 alia
1291 4234 1389 4303 Zinci
1400 4259 1502 4326 prae-

201 4332 318 4407 parata
337 4331 489 4385 mseren.

234 4433 402 4490 zutzltttttt
420 4443 448 4490 et
466 4433 635 4492 ztttztttatt
653 4436 845 4494 CONDlTUM
862 4456 886 4492 v.
905 4438 974 4493 asa.
994 4435 1218 4511 (pm-930.
